{'id': 3196793183, 'price': '26213.09000000', 'qty': '0.00520000', 'quoteQty': '136.30806800', 'time': 1692654307766, 'isBuyerMaker': False, 'isBestMatch': True}
{'id': 3196793184, 'price': '26213.08000000', 'qty': '0.00763000', 'quoteQty': '200.00580040', 'time': 1692654308814, 'isBuyerMaker': True, 'isBestMatch': True}
{'id': 3196793185, 'price': '26213.08000000', 'qty': '0.05710000', 'quoteQty': '1496.76686800', 'time': 1692654308818, 'isBuyerMaker': True, 'isBestMatch': True}
{'id': 3196793186, 'price': '26213.08000000', 'qty': '0.00298000', 'quoteQty': '78.11497840', 'time': 1692654309973, 'isBuyerMaker': True, 'isBestMatch': True}
{'id': 3196793187, 'price': '26213.09000000', 'qty': '0.01082000', 'quoteQty': '283.62563380', 'time': 1692654310219, 'isBuyerMaker': False, 'isBestMatch': True}
{'id': 3196793188, 'price': '26213.08000000', 'qty': '0.03970000', 'quoteQty': '1040.65927600', 'time': 1692654310377, 'isBuyerMaker': True, 'isBestMatch': True}
{'id': 3196793189, 'price': '26213.08000000', 'qty': '0.05828000', 'quoteQty': '1527.69830240', 'time': 1692654310463, 'isBuyerMaker': True, 'isBestMatch': True}
{'id': 3196793190, 'price': '26213.08000000', 'qty': '0.11830000', 'quoteQty': '3101.00736400', 'time': 1692654310692, 'isBuyerMaker': True, 'isBestMatch': True}
{'id': 3196793191, 'price': '26213.08000000', 'qty': '0.38148000', 'quoteQty': '9999.76575840', 'time': 1692654310692, 'isBuyerMaker': True, 'isBestMatch': True}
{'id': 3196793192, 'price': '26213.08000000', 'qty': '0.00698000', 'quoteQty': '182.96729840', 'time': 1692654310692, 'isBuyerMaker': True, 'isBestMatch': True}
{'id': 3196793193, 'price': '26213.08000000', 'qty': '0.00809000', 'quoteQty': '212.06381720', 'time': 1692654310692, 'isBuyerMaker': True, 'isBestMatch': True}
{'id': 3196793194, 'price': '26213.08000000', 'qty': '0.00695000', 'quoteQty': '182.18090600', 'time': 1692654310692, 'isBuyerMaker': True, 'isBestMatch': True}
{'id': 3196793195, 'price': '26213.08000000', 'qty': '0.12288000', 'quoteQty': '3221.06327040', 'time': 1692654310692, 'isBuyerMaker': True, 'isBestMatch': True}
{'id': 3196793196, 'price': '26213.08000000', 'qty': '0.91317000', 'quoteQty': '23936.99826360', 'time': 1692654310692, 'isBuyerMaker': True, 'isBestMatch': True}
{'id': 3196793197, 'price': '26213.08000000', 'qty': '0.00039000', 'quoteQty': '10.22310120', 'time': 1692654311451, 'isBuyerMaker': True, 'isBestMatch': True}
{'id': 3196793198, 'price': '26213.08000000', 'qty': '0.00045000', 'quoteQty': '11.79588600', 'time': 1692654311572, 'isBuyerMaker': True, 'isBestMatch': True}
{'id': 3196793199, 'price': '26213.08000000', 'qty': '0.00164000', 'quoteQty': '42.98945120', 'time': 1692654311597, 'isBuyerMaker': True, 'isBestMatch': True}
{'id': 3196793200, 'price': '26213.08000000', 'qty': '0.04646000', 'quoteQty': '1217.85969680', 'time': 1692654311597, 'isBuyerMaker': True, 'isBestMatch': True}
{'id': 3196793201, 'price': '26213.08000000', 'qty': '0.14503000', 'quoteQty': '3801.68299240', 'time': 1692654311597, 'isBuyerMaker': True, 'isBestMatch': True}
{'id': 3196793202, 'price': '26213.08000000', 'qty': '0.00305000', 'quoteQty': '79.94989400', 'time': 1692654311985, 'isBuyerMaker': True, 'isBestMatch': True}
{'id': 3196793203, 'price': '26213.08000000', 'qty': '0.00225000', 'quoteQty': '58.97943000', 'time': 1692654311985, 'isBuyerMaker': True, 'isBestMatch': True}
{'id': 3196793204, 'price': '26213.08000000', 'qty': '0.05775000', 'quoteQty': '1513.80537000', 'time': 1692654311989, 'isBuyerMaker': True, 'isBestMatch': True}
{'id': 3196793205, 'price': '26213.08000000', 'qty': '0.02000000', 'quoteQty': '524.26160000', 'time': 1692654311989, 'isBuyerMaker': True, 'isBestMatch': True}
{'id': 3196793206, 'price': '26213.08000000', 'qty': '0.03820000', 'quoteQty': '1001.33965600', 'time': 1692654311989, 'isBuyerMaker': True, 'isBestMatch': True}
{'id': 3196793207, 'price': '26213.08000000', 'qty': '0.00704000', 'quoteQty': '184.54008320', 'time': 1692654311989, 'isBuyerMaker': True, 'isBestMatch': True}
{'id': 3196793208, 'price': '26213.08000000', 'qty': '0.00049000', 'quoteQty': '12.84440920', 'time': 1692654311989, 'isBuyerMaker': True, 'isBestMatch': True}
{'id': 3196793209, 'price': '26213.08000000', 'qty': '0.01614000', 'quoteQty': '423.07911120', 'time': 1692654311989, 'isBuyerMaker': True, 'isBestMatch': True}
{'id': 3196793210, 'price': '26213.08000000', 'qty': '0.02202000', 'quoteQty': '577.21202160', 'time': 1692654311989, 'isBuyerMaker': True, 'isBestMatch': True}
{'id': 3196793211, 'price': '26212.34000000', 'qty': '0.00885000', 'quoteQty': '231.97920900', 'time': 1692654311992, 'isBuyerMaker': True, 'isBestMatch': True}
{'id': 3196793212, 'price': '26211.78000000', 'qty': '0.00048000', 'quoteQty': '12.58165440', 'time': 1692654311992, 'isBuyerMaker': True, 'isBestMatch': True}
{'id': 3196793213, 'price': '26211.78000000', 'qty': '0.01266000', 'quoteQty': '331.84113480', 'time': 1692654311992, 'isBuyerMaker': True, 'isBestMatch': True}
{'id': 3196793214, 'price': '26211.08000000', 'qty': '0.00200000', 'quoteQty': '52.42216000', 'time': 1692654311994, 'isBuyerMaker': True, 'isBestMatch': True}
{'id': 3196793215, 'price': '26210.52000000', 'qty': '0.00372000', 'quoteQty': '97.50313440', 'time': 1692654311995, 'isBuyerMaker': True, 'isBestMatch': True}
{'id': 3196793216, 'price': '26210.52000000', 'qty': '0.00372000', 'quoteQty': '97.50313440', 'time': 1692654311995, 'isBuyerMaker': True, 'isBestMatch': True}
{'id': 3196793217, 'price': '26210.52000000', 'qty': '0.01165000', 'quoteQty': '305.35255800', 'time': 1692654311998, 'isBuyerMaker': True, 'isBestMatch': True}
{'id': 3196793218, 'price': '26210.52000000', 'qty': '0.01771000', 'quoteQty': '464.18830920', 'time': 1692654311998, 'isBuyerMaker': True, 'isBestMatch': True}
{'id': 3196793219, 'price': '26210.52000000', 'qty': '0.02936000', 'quoteQty': '769.54086720', 'time': 1692654311998, 'isBuyerMaker': True, 'isBestMatch': True}
{'id': 3196793220, 'price': '26210.51000000', 'qty': '0.00048000', 'quoteQty': '12.58104480', 'time': 1692654312001, 'isBuyerMaker': True, 'isBestMatch': True}
{'id': 3196793221, 'price': '26209.97000000', 'qty': '0.00049000', 'quoteQty': '12.84288530', 'time': 1692654312001, 'isBuyerMaker': True, 'isBestMatch': True}
{'id': 3196793222, 'price': '26209.89000000', 'qty': '0.00049000', 'quoteQty': '12.84284610', 'time': 1692654312001, 'isBuyerMaker': True, 'isBestMatch': True}
{'id': 3196793223, 'price': '26209.85000000', 'qty': '0.00049000', 'quoteQty': '12.84282650', 'time': 1692654312001, 'isBuyerMaker': True, 'isBestMatch': True}
{'id': 3196793224, 'price': '26209.85000000', 'qty': '0.05130000', 'quoteQty': '1344.56530500', 'time': 1692654312001, 'isBuyerMaker': True, 'isBestMatch': True}
{'id': 3196793225, 'price': '26209.85000000', 'qty': '0.02070000', 'quoteQty': '542.54389500', 'time': 1692654312001, 'isBuyerMaker': True, 'isBestMatch': True}
{'id': 3196793226, 'price': '26209.54000000', 'qty': '0.04085000', 'quoteQty': '1070.65970900', 'time': 1692654312006, 'isBuyerMaker': True, 'isBestMatch': True}
{'id': 3196793227, 'price': '26209.54000000', 'qty': '0.04085000', 'quoteQty': '1070.65970900', 'time': 1692654312006, 'isBuyerMaker': True, 'isBestMatch': True}
{'id': 3196793228, 'price': '26209.54000000', 'qty': '0.01907000', 'quoteQty': '499.81592780', 'time': 1692654312066, 'isBuyerMaker': True, 'isBestMatch': True}
{'id': 3196793229, 'price': '26209.33000000', 'qty': '0.00049000', 'quoteQty': '12.84257170', 'time': 1692654312066, 'isBuyerMaker': True, 'isBestMatch': True}
{'id': 3196793230, 'price': '26209.26000000', 'qty': '0.00723000', 'quoteQty': '189.49294980', 'time': 1692654312066, 'isBuyerMaker': True, 'isBestMatch': True}
{'id': 3196793231, 'price': '26209.16000000', 'qty': '0.06000000', 'quoteQty': '1572.54960000', 'time': 1692654312068, 'isBuyerMaker': True, 'isBestMatch': True}
{'id': 3196793232, 'price': '26208.85000000', 'qty': '0.00048000', 'quoteQty': '12.58024800', 'time': 1692654312068, 'isBuyerMaker': True, 'isBestMatch': True}
{'id': 3196793233, 'price': '26208.36000000', 'qty': '0.03245000', 'quoteQty': '850.46128200', 'time': 1692654312360, 'isBuyerMaker': False, 'isBestMatch': True}
{'id': 3196793234, 'price': '26208.36000000', 'qty': '0.00176000', 'quoteQty': '46.12671360', 'time': 1692654312556, 'isBuyerMaker': False, 'isBestMatch': True}
{'id': 3196793235, 'price': '26208.36000000', 'qty': '0.36955000', 'quoteQty': '9685.29943800', 'time': 1692654312839, 'isBuyerMaker': False, 'isBestMatch': True}
{'id': 3196793236, 'price': '26208.36000000', 'qty': '0.13045000', 'quoteQty': '3418.88056200', 'time': 1692654312839, 'isBuyerMaker': False, 'isBestMatch': True}
{'id': 3196793237, 'price': '26208.36000000', 'qty': '0.00087000', 'quoteQty': '22.80127320', 'time': 1692654313065, 'isBuyerMaker': False, 'isBestMatch': True}
{'id': 3196793238, 'price': '26208.36000000', 'qty': '0.00763000', 'quoteQty': '199.96978680', 'time': 1692654313330, 'isBuyerMaker': False, 'isBestMatch': True}
{'id': 3196793239, 'price': '26208.36000000', 'qty': '0.07833000', 'quoteQty': '2052.90083880', 'time': 1692654313497, 'isBuyerMaker': False, 'isBestMatch': True}
{'id': 3196793240, 'price': '26208.35000000', 'qty': '0.00265000', 'quoteQty': '69.45212750', 'time': 1692654313685, 'isBuyerMaker': True, 'isBestMatch': True}
{'id': 3196793241, 'price': '26208.36000000', 'qty': '0.02087000', 'quoteQty': '546.96847320', 'time': 1692654313704, 'isBuyerMaker': False, 'isBestMatch': True}
{'id': 3196793242, 'price': '26208.35000000', 'qty': '0.00039000', 'quoteQty': '10.22125650', 'time': 1692654313959, 'isBuyerMaker': True, 'isBestMatch': True}
{'id': 3196793243, 'price': '26208.35000000', 'qty': '0.00362000', 'quoteQty': '94.87422700', 'time': 1692654314062, 'isBuyerMaker': True, 'isBestMatch': True}
{'id': 3196793244, 'price': '26208.36000000', 'qty': '0.00284000', 'quoteQty': '74.43174240', 'time': 1692654315036, 'isBuyerMaker': False, 'isBestMatch': True}
{'id': 3196793245, 'price': '26208.36000000', 'qty': '0.00680000', 'quoteQty': '178.21684800', 'time': 1692654315038, 'isBuyerMaker': False, 'isBestMatch': True}
{'id': 3196793246, 'price': '26208.35000000', 'qty': '0.00191000', 'quoteQty': '50.05794850', 'time': 1692654316404, 'isBuyerMaker': True, 'isBestMatch': True}
{'id': 3196793247, 'price': '26208.36000000', 'qty': '0.00105000', 'quoteQty': '27.51877800', 'time': 1692654316769, 'isBuyerMaker': False, 'isBestMatch': True}
{'id': 3196793248, 'price': '26208.36000000', 'qty': '0.00062000', 'quoteQty': '16.24918320', 'time': 1692654317335, 'isBuyerMaker': False, 'isBestMatch': True}
{'id': 3196793249, 'price': '26208.35000000', 'qty': '0.44928000', 'quoteQty': '11774.88748800', 'time': 1692654317695, 'isBuyerMaker': True, 'isBestMatch': True}
{'id': 3196793250, 'price': '26208.35000000', 'qty': '0.10803000', 'quoteQty': '2831.28805050', 'time': 1692654317695, 'isBuyerMaker': True, 'isBestMatch': True}
{'id': 3196793251, 'price': '26208.35000000', 'qty': '2.06379000', 'quoteQty': '54088.53064650', 'time': 1692654317695, 'isBuyerMaker': True, 'isBestMatch': True}
{'id': 3196793252, 'price': '26208.35000000', 'qty': '1.11317000', 'quoteQty': '29174.34896950', 'time': 1692654317695, 'isBuyerMaker': True, 'isBestMatch': True}
{'id': 3196793253, 'price': '26208.35000000', 'qty': '0.00049000', 'quoteQty': '12.84209150', 'time': 1692654317695, 'isBuyerMaker': True, 'isBestMatch': True}
{'id': 3196793254, 'price': '26208.35000000', 'qty': '0.00048000', 'quoteQty': '12.58000800', 'time': 1692654317695, 'isBuyerMaker': True, 'isBestMatch': True}
{'id': 3196793255, 'price': '26208.35000000', 'qty': '1.15297000', 'quoteQty': '30217.44129950', 'time': 1692654317695, 'isBuyerMaker': True, 'isBestMatch': True}
{'id': 3196793256, 'price': '26208.35000000', 'qty': '1.16325000', 'quoteQty': '30486.86313750', 'time': 1692654317695, 'isBuyerMaker': True, 'isBestMatch': True}
{'id': 3196793257, 'price': '26208.35000000', 'qty': '0.00402000', 'quoteQty': '105.35756700', 'time': 1692654317695, 'isBuyerMaker': True, 'isBestMatch': True}
{'id': 3196793258, 'price': '26208.35000000', 'qty': '0.20000000', 'quoteQty': '5241.67000000', 'time': 1692654317695, 'isBuyerMaker': True, 'isBestMatch': True}
{'id': 3196793259, 'price': '26208.35000000', 'qty': '0.06000000', 'quoteQty': '1572.50100000', 'time': 1692654317695, 'isBuyerMaker': True, 'isBestMatch': True}
{'id': 3196793260, 'price': '26208.35000000', 'qty': '0.18063000', 'quoteQty': '4734.01426050', 'time': 1692654317695, 'isBuyerMaker': True, 'isBestMatch': True}
{'id': 3196793261, 'price': '26208.16000000', 'qty': '0.00048000', 'quoteQty': '12.57991680', 'time': 1692654317695, 'isBuyerMaker': True, 'isBestMatch': True}
{'id': 3196793262, 'price': '26208.10000000', 'qty': '0.10994000', 'quoteQty': '2881.31851400', 'time': 1692654317695, 'isBuyerMaker': True, 'isBestMatch': True}
{'id': 3196793263, 'price': '26208.08000000', 'qty': '0.05444000', 'quoteQty': '1426.76787520', 'time': 1692654317695, 'isBuyerMaker': True, 'isBestMatch': True}
{'id': 3196793264, 'price': '26207.52000000', 'qty': '0.00049000', 'quoteQty': '12.84168480', 'time': 1692654317695, 'isBuyerMaker': True, 'isBestMatch': True}
{'id': 3196793265, 'price': '26207.39000000', 'qty': '1.11786000', 'quoteQty': '29296.19298540', 'time': 1692654317695, 'isBuyerMaker': True, 'isBestMatch': True}
{'id': 3196793266, 'price': '26207.38000000', 'qty': '0.00754000', 'quoteQty': '197.60364520', 'time': 1692654317695, 'isBuyerMaker': True, 'isBestMatch': True}
{'id': 3196793267, 'price': '26207.21000000', 'qty': '0.00039000', 'quoteQty': '10.22081190', 'time': 1692654317695, 'isBuyerMaker': True, 'isBestMatch': True}
{'id': 3196793268, 'price': '26206.92000000', 'qty': '1.11786000', 'quoteQty': '29295.66759120', 'time': 1692654317695, 'isBuyerMaker': True, 'isBestMatch': True}
{'id': 3196793269, 'price': '26206.62000000', 'qty': '0.01025000', 'quoteQty': '268.61785500', 'time': 1692654317695, 'isBuyerMaker': True, 'isBestMatch': True}
{'id': 3196793270, 'price': '26206.54000000', 'qty': '0.00719000', 'quoteQty': '188.42502260', 'time': 1692654317695, 'isBuyerMaker': True, 'isBestMatch': True}
{'id': 3196793271, 'price': '26206.35000000', 'qty': '0.00200000', 'quoteQty': '52.41270000', 'time': 1692654317695, 'isBuyerMaker': True, 'isBestMatch': True}
{'id': 3196793272, 'price': '26206.15000000', 'qty': '0.00782000', 'quoteQty': '204.93209300', 'time': 1692654317695, 'isBuyerMaker': True, 'isBestMatch': True}
{'id': 3196793273, 'price': '26205.87000000', 'qty': '0.49983000', 'quoteQty': '13098.48000210', 'time': 1692654317695, 'isBuyerMaker': True, 'isBestMatch': True}
{'id': 3196793274, 'price': '26205.86000000', 'qty': '0.04000000', 'quoteQty': '1048.23440000', 'time': 1692654317695, 'isBuyerMaker': True, 'isBestMatch': True}
{'id': 3196793275, 'price': '26205.86000000', 'qty': '0.16000000', 'quoteQty': '4192.93760000', 'time': 1692654317695, 'isBuyerMaker': True, 'isBestMatch': True}
{'id': 3196793276, 'price': '26205.86000000', 'qty': '0.12000000', 'quoteQty': '3144.70320000', 'time': 1692654317695, 'isBuyerMaker': True, 'isBestMatch': True}
{'id': 3196793277, 'price': '26205.86000000', 'qty': '0.08000000', 'quoteQty': '2096.46880000', 'time': 1692654317695, 'isBuyerMaker': True, 'isBestMatch': True}
{'id': 3196793278, 'price': '26205.86000000', 'qty': '0.08000000', 'quoteQty': '2096.46880000', 'time': 1692654317695, 'isBuyerMaker': True, 'isBestMatch': True}
{'id': 3196793279, 'price': '26205.74000000', 'qty': '0.08780000', 'quoteQty': '2300.86397200', 'time': 1692654317695, 'isBuyerMaker': True, 'isBestMatch': True}
{'id': 3196793280, 'price': '26205.74000000', 'qty': '0.00045000', 'quoteQty': '11.79258300', 'time': 1692654317709, 'isBuyerMaker': False, 'isBestMatch': True}
{'id': 3196793281, 'price': '26205.74000000', 'qty': '0.00530000', 'quoteQty': '138.89042200', 'time': 1692654318547, 'isBuyerMaker': False, 'isBestMatch': True}
{'id': 3196793282, 'price': '26205.73000000', 'qty': '0.16000000', 'quoteQty': '4192.91680000', 'time': 1692654319086, 'isBuyerMaker': True, 'isBestMatch': True}
{'id': 3196793283, 'price': '26205.73000000', 'qty': '0.07769000', 'quoteQty': '2035.92316370', 'time': 1692654319094, 'isBuyerMaker': True, 'isBestMatch': True}
{'id': 3196793284, 'price': '26205.73000000', 'qty': '0.07753000', 'quoteQty': '2031.73024690', 'time': 1692654319094, 'isBuyerMaker': True, 'isBestMatch': True}
{'id': 3196793285, 'price': '26205.73000000', 'qty': '0.07753000', 'quoteQty': '2031.73024690', 'time': 1692654319094, 'isBuyerMaker': True, 'isBestMatch': True}
{'id': 3196793286, 'price': '26205.73000000', 'qty': '0.00194000', 'quoteQty': '50.83911620', 'time': 1692654319094, 'isBuyerMaker': True, 'isBestMatch': True}
{'id': 3196793287, 'price': '26205.42000000', 'qty': '0.00048000', 'quoteQty': '12.57860160', 'time': 1692654319094, 'isBuyerMaker': True, 'isBestMatch': True}
{'id': 3196793288, 'price': '26204.34000000', 'qty': '0.06000000', 'quoteQty': '1572.26040000', 'time': 1692654319094, 'isBuyerMaker': True, 'isBestMatch': True}
{'id': 3196793289, 'price': '26204.10000000', 'qty': '0.00574000', 'quoteQty': '150.41153400', 'time': 1692654319097, 'isBuyerMaker': True, 'isBestMatch': True}
{'id': 3196793290, 'price': '26203.74000000', 'qty': '0.00200000', 'quoteQty': '52.40748000', 'time': 1692654319097, 'isBuyerMaker': True, 'isBestMatch': True}
{'id': 3196793291, 'price': '26203.05000000', 'qty': '0.00727000', 'quoteQty': '190.49617350', 'time': 1692654319097, 'isBuyerMaker': True, 'isBestMatch': True}
{'id': 3196793292, 'price': '26202.99000000', 'qty': '0.07753000', 'quoteQty': '2031.51781470', 'time': 1692654319240, 'isBuyerMaker': True, 'isBestMatch': True}
{'id': 3196793293, 'price': '26202.99000000', 'qty': '0.07753000', 'quoteQty': '2031.51781470', 'time': 1692654319240, 'isBuyerMaker': True, 'isBestMatch': True}
{'id': 3196793294, 'price': '26202.99000000', 'qty': '0.03533000', 'quoteQty': '925.75163670', 'time': 1692654319240, 'isBuyerMaker': True, 'isBestMatch': True}
{'id': 3196793295, 'price': '26203.00000000', 'qty': '0.00109000', 'quoteQty': '28.56127000', 'time': 1692654319429, 'isBuyerMaker': False, 'isBestMatch': True}
{'id': 3196793296, 'price': '26202.99000000', 'qty': '0.00555000', 'quoteQty': '145.42659450', 'time': 1692654319476, 'isBuyerMaker': True, 'isBestMatch': True}
{'id': 3196793297, 'price': '26203.00000000', 'qty': '0.00642000', 'quoteQty': '168.22326000', 'time': 1692654320525, 'isBuyerMaker': False, 'isBestMatch': True}
{'id': 3196793298, 'price': '26203.00000000', 'qty': '0.07000000', 'quoteQty': '1834.21000000', 'time': 1692654320525, 'isBuyerMaker': False, 'isBestMatch': True}
{'id': 3196793299, 'price': '26203.00000000', 'qty': '0.27209000', 'quoteQty': '7129.57427000', 'time': 1692654320525, 'isBuyerMaker': False, 'isBestMatch': True}
{'id': 3196793300, 'price': '26202.99000000', 'qty': '0.00045000', 'quoteQty': '11.79134550', 'time': 1692654320679, 'isBuyerMaker': True, 'isBestMatch': True}
{'id': 3196793301, 'price': '26202.99000000', 'qty': '0.03657000', 'quoteQty': '958.24334430', 'time': 1692654320697, 'isBuyerMaker': True, 'isBestMatch': True}
{'id': 3196793302, 'price': '26202.55000000', 'qty': '0.00049000', 'quoteQty': '12.83924950', 'time': 1692654320697, 'isBuyerMaker': True, 'isBestMatch': True}
{'id': 3196793303, 'price': '26202.51000000', 'qty': '0.00039000', 'quoteQty': '10.21897890', 'time': 1692654320697, 'isBuyerMaker': True, 'isBestMatch': True}
{'id': 3196793304, 'price': '26202.49000000', 'qty': '0.01137000', 'quoteQty': '297.92231130', 'time': 1692654320697, 'isBuyerMaker': True, 'isBestMatch': True}
{'id': 3196793305, 'price': '26201.25000000', 'qty': '0.06000000', 'quoteQty': '1572.07500000', 'time': 1692654320697, 'isBuyerMaker': True, 'isBestMatch': True}
{'id': 3196793306, 'price': '26201.25000000', 'qty': '0.00965000', 'quoteQty': '252.84206250', 'time': 1692654320697, 'isBuyerMaker': True, 'isBestMatch': True}
{'id': 3196793307, 'price': '26200.99000000', 'qty': '0.00200000', 'quoteQty': '52.40198000', 'time': 1692654320697, 'isBuyerMaker': True, 'isBestMatch': True}
{'id': 3196793308, 'price': '26200.90000000', 'qty': '0.01082000', 'quoteQty': '283.49373800', 'time': 1692654321332, 'isBuyerMaker': False, 'isBestMatch': True}
{'id': 3196793309, 'price': '26200.90000000', 'qty': '0.23755000', 'quoteQty': '6224.02379500', 'time': 1692654321978, 'isBuyerMaker': False, 'isBestMatch': True}
{'id': 3196793310, 'price': '26200.90000000', 'qty': '0.00163000', 'quoteQty': '42.70746700', 'time': 1692654321984, 'isBuyerMaker': False, 'isBestMatch': True}
{'id': 3196793311, 'price': '26200.90000000', 'qty': '0.23012000', 'quoteQty': '6029.35110800', 'time': 1692654321984, 'isBuyerMaker': False, 'isBestMatch': True}
{'id': 3196793312, 'price': '26200.90000000', 'qty': '0.00046000', 'quoteQty': '12.05241400', 'time': 1692654321989, 'isBuyerMaker': False, 'isBestMatch': True}
{'id': 3196793313, 'price': '26200.89000000', 'qty': '0.07753000', 'quoteQty': '2031.35500170', 'time': 1692654322007, 'isBuyerMaker': True, 'isBestMatch': True}
{'id': 3196793314, 'price': '26200.89000000', 'qty': '0.07769000', 'quoteQty': '2035.54714410', 'time': 1692654322007, 'isBuyerMaker': True, 'isBestMatch': True}
{'id': 3196793315, 'price': '26200.89000000', 'qty': '0.07753000', 'quoteQty': '2031.35500170', 'time': 1692654322007, 'isBuyerMaker': True, 'isBestMatch': True}
{'id': 3196793316, 'price': '26200.89000000', 'qty': '0.00096000', 'quoteQty': '25.15285440', 'time': 1692654322007, 'isBuyerMaker': True, 'isBestMatch': True}
{'id': 3196793317, 'price': '26200.89000000', 'qty': '0.00048000', 'quoteQty': '12.57642720', 'time': 1692654322007, 'isBuyerMaker': True, 'isBestMatch': True}
{'id': 3196793318, 'price': '26200.89000000', 'qty': '0.00049000', 'quoteQty': '12.83843610', 'time': 1692654322007, 'isBuyerMaker': True, 'isBestMatch': True}
{'id': 3196793319, 'price': '26200.63000000', 'qty': '0.01304000', 'quoteQty': '341.65621520', 'time': 1692654322007, 'isBuyerMaker': True, 'isBestMatch': True}
{'id': 3196793320, 'price': '26200.59000000', 'qty': '0.64000000', 'quoteQty': '16768.37760000', 'time': 1692654322007, 'isBuyerMaker': True, 'isBestMatch': True}
{'id': 3196793321, 'price': '26200.59000000', 'qty': '0.32000000', 'quoteQty': '8384.18880000', 'time': 1692654322007, 'isBuyerMaker': True, 'isBestMatch': True}
{'id': 3196793322, 'price': '26200.33000000', 'qty': '0.64000000', 'quoteQty': '16768.21120000', 'time': 1692654322007, 'isBuyerMaker': True, 'isBestMatch': True}
{'id': 3196793323, 'price': '26200.33000000', 'qty': '0.16000000', 'quoteQty': '4192.05280000', 'time': 1692654322007, 'isBuyerMaker': True, 'isBestMatch': True}
{'id': 3196793324, 'price': '26200.00000000', 'qty': '0.01908000', 'quoteQty': '499.89600000', 'time': 1692654322007, 'isBuyerMaker': True, 'isBestMatch': True}
{'id': 3196793325, 'price': '26200.00000000', 'qty': '0.24038000', 'quoteQty': '6297.95600000', 'time': 1692654322007, 'isBuyerMaker': True, 'isBestMatch': True}
{'id': 3196793326, 'price': '26199.99000000', 'qty': '0.01905000', 'quoteQty': '499.10980950', 'time': 1692654322007, 'isBuyerMaker': True, 'isBestMatch': True}
{'id': 3196793327, 'price': '26199.99000000', 'qty': '0.00240000', 'quoteQty': '62.87997600', 'time': 1692654322007, 'isBuyerMaker': True, 'isBestMatch': True}
{'id': 3196793328, 'price': '26199.46000000', 'qty': '0.00048000', 'quoteQty': '12.57574080', 'time': 1692654322007, 'isBuyerMaker': True, 'isBestMatch': True}
{'id': 3196793329, 'price': '26199.20000000', 'qty': '0.06000000', 'quoteQty': '1571.95200000', 'time': 1692654322007, 'isBuyerMaker': True, 'isBestMatch': True}
{'id': 3196793330, 'price': '26199.06000000', 'qty': '0.00049000', 'quoteQty': '12.83753940', 'time': 1692654322007, 'isBuyerMaker': True, 'isBestMatch': True}
{'id': 3196793331, 'price': '26199.00000000', 'qty': '0.00200000', 'quoteQty': '52.39800000', 'time': 1692654322007, 'isBuyerMaker': True, 'isBestMatch': True}
{'id': 3196793332, 'price': '26198.18000000', 'qty': '0.00048000', 'quoteQty': '12.57512640', 'time': 1692654322007, 'isBuyerMaker': True, 'isBestMatch': True}
{'id': 3196793333, 'price': '26197.97000000', 'qty': '0.07000000', 'quoteQty': '1833.85790000', 'time': 1692654322007, 'isBuyerMaker': True, 'isBestMatch': True}
{'id': 3196793334, 'price': '26197.89000000', 'qty': '0.00200000', 'quoteQty': '52.39578000', 'time': 1692654322007, 'isBuyerMaker': True, 'isBestMatch': True}
{'id': 3196793335, 'price': '26197.87000000', 'qty': '0.03824000', 'quoteQty': '1001.80654880', 'time': 1692654322007, 'isBuyerMaker': True, 'isBestMatch': True}
{'id': 3196793336, 'price': '26197.81000000', 'qty': '0.00039000', 'quoteQty': '10.21714590', 'time': 1692654322007, 'isBuyerMaker': True, 'isBestMatch': True}
{'id': 3196793337, 'price': '26197.09000000', 'qty': '0.48669000', 'quoteQty': '12749.86173210', 'time': 1692654322007, 'isBuyerMaker': True, 'isBestMatch': True}
{'id': 3196793338, 'price': '26197.08000000', 'qty': '0.76300000', 'quoteQty': '19988.37204000', 'time': 1692654322007, 'isBuyerMaker': True, 'isBestMatch': True}
{'id': 3196793339, 'price': '26196.98000000', 'qty': '0.00700000', 'quoteQty': '183.37886000', 'time': 1692654322007, 'isBuyerMaker': True, 'isBestMatch': True}
{'id': 3196793340, 'price': '26196.92000000', 'qty': '0.00095000', 'quoteQty': '24.88707400', 'time': 1692654322007, 'isBuyerMaker': True, 'isBestMatch': True}
{'id': 3196793341, 'price': '26196.86000000', 'qty': '0.00555000', 'quoteQty': '145.39257300', 'time': 1692654322007, 'isBuyerMaker': True, 'isBestMatch': True}
{'id': 3196793342, 'price': '26196.85000000', 'qty': '0.01148000', 'quoteQty': '300.73983800', 'time': 1692654322007, 'isBuyerMaker': True, 'isBestMatch': True}
{'id': 3196793343, 'price': '26196.85000000', 'qty': '0.01537000', 'quoteQty': '402.64558450', 'time': 1692654322007, 'isBuyerMaker': True, 'isBestMatch': True}
{'id': 3196793344, 'price': '26196.85000000', 'qty': '0.01148000', 'quoteQty': '300.73983800', 'time': 1692654322007, 'isBuyerMaker': True, 'isBestMatch': True}
{'id': 3196793345, 'price': '26196.85000000', 'qty': '0.01148000', 'quoteQty': '300.73983800', 'time': 1692654322007, 'isBuyerMaker': True, 'isBestMatch': True}
{'id': 3196793346, 'price': '26196.85000000', 'qty': '0.01148000', 'quoteQty': '300.73983800', 'time': 1692654322007, 'isBuyerMaker': True, 'isBestMatch': True}
{'id': 3196793347, 'price': '26196.85000000', 'qty': '0.01148000', 'quoteQty': '300.73983800', 'time': 1692654322007, 'isBuyerMaker': True, 'isBestMatch': True}
{'id': 3196793348, 'price': '26196.85000000', 'qty': '0.01148000', 'quoteQty': '300.73983800', 'time': 1692654322007, 'isBuyerMaker': True, 'isBestMatch': True}
{'id': 3196793349, 'price': '26196.85000000', 'qty': '0.01148000', 'quoteQty': '300.73983800', 'time': 1692654322007, 'isBuyerMaker': True, 'isBestMatch': True}
{'id': 3196793350, 'price': '26196.85000000', 'qty': '0.01148000', 'quoteQty': '300.73983800', 'time': 1692654322007, 'isBuyerMaker': True, 'isBestMatch': True}
{'id': 3196793351, 'price': '26196.85000000', 'qty': '0.01148000', 'quoteQty': '300.73983800', 'time': 1692654322007, 'isBuyerMaker': True, 'isBestMatch': True}
{'id': 3196793352, 'price': '26196.85000000', 'qty': '0.01141000', 'quoteQty': '298.90605850', 'time': 1692654322007, 'isBuyerMaker': True, 'isBestMatch': True}
{'id': 3196793353, 'price': '26196.73000000', 'qty': '0.00777000', 'quoteQty': '203.54859210', 'time': 1692654322007, 'isBuyerMaker': True, 'isBestMatch': True}
{'id': 3196793354, 'price': '26196.48000000', 'qty': '0.38178000', 'quoteQty': '10001.29213440', 'time': 1692654322007, 'isBuyerMaker': True, 'isBestMatch': True}
{'id': 3196793355, 'price': '26196.30000000', 'qty': '0.01305000', 'quoteQty': '341.86171500', 'time': 1692654322007, 'isBuyerMaker': True, 'isBestMatch': True}
{'id': 3196793356, 'price': '26195.80000000', 'qty': '0.03008000', 'quoteQty': '787.96966400', 'time': 1692654322007, 'isBuyerMaker': True, 'isBestMatch': True}
{'id': 3196793357, 'price': '26195.61000000', 'qty': '0.19999000', 'quoteQty': '5238.86004390', 'time': 1692654322007, 'isBuyerMaker': True, 'isBestMatch': True}
{'id': 3196793358, 'price': '26195.51000000', 'qty': '0.80493000', 'quoteQty': '21085.55186430', 'time': 1692654322007, 'isBuyerMaker': True, 'isBestMatch': True}
{'id': 3196793359, 'price': '26195.50000000', 'qty': '1.14490000', 'quoteQty': '29991.22795000', 'time': 1692654322007, 'isBuyerMaker': True, 'isBestMatch': True}
{'id': 3196793360, 'price': '26195.39000000', 'qty': '0.04000000', 'quoteQty': '1047.81560000', 'time': 1692654322007, 'isBuyerMaker': True, 'isBestMatch': True}
{'id': 3196793361, 'price': '26195.34000000', 'qty': '0.00478000', 'quoteQty': '125.21372520', 'time': 1692654322007, 'isBuyerMaker': True, 'isBestMatch': True}
{'id': 3196793362, 'price': '26194.98000000', 'qty': '0.00108000', 'quoteQty': '28.29057840', 'time': 1692654322007, 'isBuyerMaker': True, 'isBestMatch': True}
{'id': 3196793363, 'price': '26194.86000000', 'qty': '0.03895000', 'quoteQty': '1020.28979700', 'time': 1692654322007, 'isBuyerMaker': True, 'isBestMatch': True}
{'id': 3196793364, 'price': '26194.75000000', 'qty': '0.02143000', 'quoteQty': '561.35349250', 'time': 1692654322007, 'isBuyerMaker': True, 'isBestMatch': True}
{'id': 3196793365, 'price': '26194.38000000', 'qty': '0.38007000', 'quoteQty': '9955.69800660', 'time': 1692654322007, 'isBuyerMaker': True, 'isBestMatch': True}
{'id': 3196793366, 'price': '26194.16000000', 'qty': '0.76362000', 'quoteQty': '20002.38445920', 'time': 1692654322007, 'isBuyerMaker': True, 'isBestMatch': True}
{'id': 3196793367, 'price': '26194.06000000', 'qty': '0.03192000', 'quoteQty': '836.11439520', 'time': 1692654322007, 'isBuyerMaker': True, 'isBestMatch': True}
{'id': 3196793368, 'price': '26195.37000000', 'qty': '0.00045000', 'quoteQty': '11.78791650', 'time': 1692654322019, 'isBuyerMaker': False, 'isBestMatch': True}
{'id': 3196793369, 'price': '26195.37000000', 'qty': '0.00040000', 'quoteQty': '10.47814800', 'time': 1692654322419, 'isBuyerMaker': False, 'isBestMatch': True}
{'id': 3196793370, 'price': '26195.37000000', 'qty': '0.00178000', 'quoteQty': '46.62775860', 'time': 1692654322506, 'isBuyerMaker': False, 'isBestMatch': True}
{'id': 3196793371, 'price': '26195.36000000', 'qty': '0.00198000', 'quoteQty': '51.86681280', 'time': 1692654322552, 'isBuyerMaker': True, 'isBestMatch': True}
{'id': 3196793372, 'price': '26195.36000000', 'qty': '0.00128000', 'quoteQty': '33.53006080', 'time': 1692654322564, 'isBuyerMaker': True, 'isBestMatch': True}
{'id': 3196793373, 'price': '26195.36000000', 'qty': '0.00067000', 'quoteQty': '17.55089120', 'time': 1692654322787, 'isBuyerMaker': True, 'isBestMatch': True}
{'id': 3196793374, 'price': '26195.36000000', 'qty': '0.00331000', 'quoteQty': '86.70664160', 'time': 1692654322803, 'isBuyerMaker': True, 'isBestMatch': True}
-35.16726000000005 -19.61187000000006
{'id': 3196793547, 'price': '26198.47000000', 'qty': '0.00196000', 'quoteQty': '51.34900120', 'time': 1692654360008, 'isBuyerMaker': True, 'isBestMatch': True}
{'id': 3196793548, 'price': '26198.47000000', 'qty': '0.00427000', 'quoteQty': '111.86746690', 'time': 1692654360010, 'isBuyerMaker': True, 'isBestMatch': True}
{'id': 3196793549, 'price': '26198.48000000', 'qty': '0.01234000', 'quoteQty': '323.28924320', 'time': 1692654360010, 'isBuyerMaker': False, 'isBestMatch': True}
{'id': 3196793550, 'price': '26198.48000000', 'qty': '0.00054000', 'quoteQty': '14.14717920', 'time': 1692654360013, 'isBuyerMaker': False, 'isBestMatch': True}
{'id': 3196793551, 'price': '26198.48000000', 'qty': '0.00075000', 'quoteQty': '19.64886000', 'time': 1692654360019, 'isBuyerMaker': False, 'isBestMatch': True}
{'id': 3196793552, 'price': '26198.47000000', 'qty': '0.00508000', 'quoteQty': '133.08822760', 'time': 1692654360154, 'isBuyerMaker': True, 'isBestMatch': True}
{'id': 3196793553, 'price': '26198.47000000', 'qty': '0.00763000', 'quoteQty': '199.89432610', 'time': 1692654360605, 'isBuyerMaker': True, 'isBestMatch': True}
{'id': 3196793554, 'price': '26198.47000000', 'qty': '0.00076000', 'quoteQty': '19.91083720', 'time': 1692654360804, 'isBuyerMaker': True, 'isBestMatch': True}
{'id': 3196793555, 'price': '26198.48000000', 'qty': '0.00082000', 'quoteQty': '21.48275360', 'time': 1692654361419, 'isBuyerMaker': False, 'isBestMatch': True}
{'id': 3196793556, 'price': '26198.48000000', 'qty': '0.00209000', 'quoteQty': '54.75482320', 'time': 1692654361505, 'isBuyerMaker': False, 'isBestMatch': True}
{'id': 3196793557, 'price': '26198.47000000', 'qty': '0.03357000', 'quoteQty': '879.48263790', 'time': 1692654361745, 'isBuyerMaker': True, 'isBestMatch': True}
{'id': 3196793558, 'price': '26198.47000000', 'qty': '0.00058000', 'quoteQty': '15.19511260', 'time': 1692654361959, 'isBuyerMaker': True, 'isBestMatch': True}
{'id': 3196793559, 'price': '26198.47000000', 'qty': '0.01993000', 'quoteQty': '522.13550710', 'time': 1692654362538, 'isBuyerMaker': True, 'isBestMatch': True}
{'id': 3196793560, 'price': '26198.47000000', 'qty': '0.00314000', 'quoteQty': '82.26319580', 'time': 1692654362976, 'isBuyerMaker': True, 'isBestMatch': True}
{'id': 3196793561, 'price': '26198.48000000', 'qty': '0.01083000', 'quoteQty': '283.72953840', 'time': 1692654365947, 'isBuyerMaker': False, 'isBestMatch': True}
{'id': 3196793562, 'price': '26198.47000000', 'qty': '0.00163000', 'quoteQty': '42.70350610', 'time': 1692654365962, 'isBuyerMaker': True, 'isBestMatch': True}
{'id': 3196793563, 'price': '26198.48000000', 'qty': '0.00098000', 'quoteQty': '25.67451040', 'time': 1692654366379, 'isBuyerMaker': False, 'isBestMatch': True}
{'id': 3196793564, 'price': '26198.48000000', 'qty': '0.00044000', 'quoteQty': '11.52733120', 'time': 1692654366732, 'isBuyerMaker': False, 'isBestMatch': True}
{'id': 3196793565, 'price': '26198.48000000', 'qty': '0.00041000', 'quoteQty': '10.74137680', 'time': 1692654368522, 'isBuyerMaker': False, 'isBestMatch': True}
{'id': 3196793566, 'price': '26198.48000000', 'qty': '0.01264000', 'quoteQty': '331.14878720', 'time': 1692654368923, 'isBuyerMaker': False, 'isBestMatch': True}
{'id': 3196793567, 'price': '26198.48000000', 'qty': '0.00056000', 'quoteQty': '14.67114880', 'time': 1692654368923, 'isBuyerMaker': False, 'isBestMatch': True}
{'id': 3196793568, 'price': '26198.48000000', 'qty': '0.01145000', 'quoteQty': '299.97259600', 'time': 1692654368923, 'isBuyerMaker': False, 'isBestMatch': True}
{'id': 3196793569, 'price': '26198.48000000', 'qty': '0.00218000', 'quoteQty': '57.11268640', 'time': 1692654368923, 'isBuyerMaker': False, 'isBestMatch': True}
{'id': 3196793570, 'price': '26199.39000000', 'qty': '0.01040000', 'quoteQty': '272.47365600', 'time': 1692654369930, 'isBuyerMaker': False, 'isBestMatch': True}
{'id': 3196793571, 'price': '26199.39000000', 'qty': '0.00045000', 'quoteQty': '11.78972550', 'time': 1692654370296, 'isBuyerMaker': False, 'isBestMatch': True}
{'id': 3196793572, 'price': '26199.39000000', 'qty': '0.00530000', 'quoteQty': '138.85676700', 'time': 1692654370738, 'isBuyerMaker': False, 'isBestMatch': True}
{'id': 3196793573, 'price': '26199.39000000', 'qty': '0.00049000', 'quoteQty': '12.83770110', 'time': 1692654371009, 'isBuyerMaker': False, 'isBestMatch': True}
{'id': 3196793574, 'price': '26199.39000000', 'qty': '0.00129000', 'quoteQty': '33.79721310', 'time': 1692654371009, 'isBuyerMaker': False, 'isBestMatch': True}
{'id': 3196793575, 'price': '26199.38000000', 'qty': '0.00254000', 'quoteQty': '66.54642520', 'time': 1692654371045, 'isBuyerMaker': True, 'isBestMatch': True}
{'id': 3196793576, 'price': '26199.39000000', 'qty': '0.13105000', 'quoteQty': '3433.43005950', 'time': 1692654371812, 'isBuyerMaker': False, 'isBestMatch': True}
{'id': 3196793577, 'price': '26199.39000000', 'qty': '0.00038000', 'quoteQty': '9.95576820', 'time': 1692654372870, 'isBuyerMaker': False, 'isBestMatch': True}
{'id': 3196793578, 'price': '26199.39000000', 'qty': '0.00077000', 'quoteQty': '20.17353030', 'time': 1692654374403, 'isBuyerMaker': False, 'isBestMatch': True}
{'id': 3196793579, 'price': '26199.38000000', 'qty': '0.02666000', 'quoteQty': '698.47547080', 'time': 1692654375478, 'isBuyerMaker': True, 'isBestMatch': True}
{'id': 3196793580, 'price': '26199.39000000', 'qty': '0.01082000', 'quoteQty': '283.47739980', 'time': 1692654377083, 'isBuyerMaker': False, 'isBestMatch': True}
{'id': 3196793581, 'price': '26199.38000000', 'qty': '0.00044000', 'quoteQty': '11.52772720', 'time': 1692654377695, 'isBuyerMaker': True, 'isBestMatch': True}
{'id': 3196793582, 'price': '26199.38000000', 'qty': '0.00078000', 'quoteQty': '20.43551640', 'time': 1692654378990, 'isBuyerMaker': True, 'isBestMatch': True}
{'id': 3196793583, 'price': '26199.38000000', 'qty': '0.00640000', 'quoteQty': '167.67603200', 'time': 1692654379052, 'isBuyerMaker': True, 'isBestMatch': True}
{'id': 3196793584, 'price': '26199.39000000', 'qty': '0.00092000', 'quoteQty': '24.10343880', 'time': 1692654379116, 'isBuyerMaker': False, 'isBestMatch': True}
{'id': 3196793585, 'price': '26199.39000000', 'qty': '0.00055000', 'quoteQty': '14.40966450', 'time': 1692654379839, 'isBuyerMaker': False, 'isBestMatch': True}
{'id': 3196793586, 'price': '26199.38000000', 'qty': '0.00079000', 'quoteQty': '20.69751020', 'time': 1692654381186, 'isBuyerMaker': True, 'isBestMatch': True}
{'id': 3196793587, 'price': '26199.39000000', 'qty': '0.00247000', 'quoteQty': '64.71249330', 'time': 1692654381721, 'isBuyerMaker': False, 'isBestMatch': True}
{'id': 3196793588, 'price': '26199.39000000', 'qty': '0.01905000', 'quoteQty': '499.09837950', 'time': 1692654381955, 'isBuyerMaker': False, 'isBestMatch': True}
{'id': 3196793589, 'price': '26199.39000000', 'qty': '0.00381000', 'quoteQty': '99.81967590', 'time': 1692654381955, 'isBuyerMaker': False, 'isBestMatch': True}
{'id': 3196793590, 'price': '26199.39000000', 'qty': '0.00145000', 'quoteQty': '37.98911550', 'time': 1692654381955, 'isBuyerMaker': False, 'isBestMatch': True}
{'id': 3196793591, 'price': '26199.39000000', 'qty': '0.00048000', 'quoteQty': '12.57570720', 'time': 1692654381955, 'isBuyerMaker': False, 'isBestMatch': True}
{'id': 3196793592, 'price': '26199.39000000', 'qty': '0.00495000', 'quoteQty': '129.68698050', 'time': 1692654381955, 'isBuyerMaker': False, 'isBestMatch': True}
{'id': 3196793593, 'price': '26199.39000000', 'qty': '0.00091000', 'quoteQty': '23.84144490', 'time': 1692654381955, 'isBuyerMaker': False, 'isBestMatch': True}
{'id': 3196793594, 'price': '26199.39000000', 'qty': '0.00049000', 'quoteQty': '12.83770110', 'time': 1692654381955, 'isBuyerMaker': False, 'isBestMatch': True}
{'id': 3196793595, 'price': '26199.39000000', 'qty': '0.00055000', 'quoteQty': '14.40966450', 'time': 1692654381955, 'isBuyerMaker': False, 'isBestMatch': True}
{'id': 3196793596, 'price': '26199.39000000', 'qty': '0.00002000', 'quoteQty': '0.52398780', 'time': 1692654381955, 'isBuyerMaker': False, 'isBestMatch': True}
{'id': 3196793597, 'price': '26200.00000000', 'qty': '0.00041000', 'quoteQty': '10.74200000', 'time': 1692654382010, 'isBuyerMaker': False, 'isBestMatch': True}
{'id': 3196793598, 'price': '26200.00000000', 'qty': '0.04580000', 'quoteQty': '1199.96000000', 'time': 1692654382010, 'isBuyerMaker': False, 'isBestMatch': True}
{'id': 3196793599, 'price': '26200.26000000', 'qty': '0.00049000', 'quoteQty': '12.83812740', 'time': 1692654382013, 'isBuyerMaker': False, 'isBestMatch': True}
{'id': 3196793600, 'price': '26200.26000000', 'qty': '0.01263000', 'quoteQty': '330.90928380', 'time': 1692654382013, 'isBuyerMaker': False, 'isBestMatch': True}
{'id': 3196793601, 'price': '26200.79000000', 'qty': '0.19355000', 'quoteQty': '5071.16290450', 'time': 1692654382314, 'isBuyerMaker': False, 'isBestMatch': True}
{'id': 3196793602, 'price': '26200.79000000', 'qty': '0.02567000', 'quoteQty': '672.57427930', 'time': 1692654382354, 'isBuyerMaker': False, 'isBestMatch': True}
{'id': 3196793603, 'price': '26200.79000000', 'qty': '0.16515000', 'quoteQty': '4327.06046850', 'time': 1692654382354, 'isBuyerMaker': False, 'isBestMatch': True}
{'id': 3196793604, 'price': '26200.79000000', 'qty': '0.01468000', 'quoteQty': '384.62759720', 'time': 1692654382357, 'isBuyerMaker': False, 'isBestMatch': True}
{'id': 3196793605, 'price': '26200.81000000', 'qty': '0.20428000', 'quoteQty': '5352.30146680', 'time': 1692654382361, 'isBuyerMaker': False, 'isBestMatch': True}
{'id': 3196793606, 'price': '26200.90000000', 'qty': '0.00039000', 'quoteQty': '10.21835100', 'time': 1692654382377, 'isBuyerMaker': False, 'isBestMatch': True}
{'id': 3196793607, 'price': '26200.90000000', 'qty': '0.00039000', 'quoteQty': '10.21835100', 'time': 1692654382377, 'isBuyerMaker': False, 'isBestMatch': True}
{'id': 3196793608, 'price': '26200.90000000', 'qty': '0.00018000', 'quoteQty': '4.71616200', 'time': 1692654382377, 'isBuyerMaker': False, 'isBestMatch': True}
{'id': 3196793609, 'price': '26202.03000000', 'qty': '0.00271000', 'quoteQty': '71.00750130', 'time': 1692654383000, 'isBuyerMaker': True, 'isBestMatch': True}
{'id': 3196793610, 'price': '26202.03000000', 'qty': '0.00091000', 'quoteQty': '23.84384730', 'time': 1692654383304, 'isBuyerMaker': True, 'isBestMatch': True}
{'id': 3196793611, 'price': '26202.03000000', 'qty': '0.00048000', 'quoteQty': '12.57697440', 'time': 1692654384547, 'isBuyerMaker': True, 'isBestMatch': True}
{'id': 3196793612, 'price': '26202.04000000', 'qty': '0.06000000', 'quoteQty': '1572.12240000', 'time': 1692654385138, 'isBuyerMaker': False, 'isBestMatch': True}
{'id': 3196793613, 'price': '26202.49000000', 'qty': '0.00039000', 'quoteQty': '10.21897110', 'time': 1692654385141, 'isBuyerMaker': False, 'isBestMatch': True}
{'id': 3196793614, 'price': '26202.79000000', 'qty': '0.00048000', 'quoteQty': '12.57733920', 'time': 1692654385815, 'isBuyerMaker': False, 'isBestMatch': True}
{'id': 3196793615, 'price': '26202.99000000', 'qty': '0.00704000', 'quoteQty': '184.46904960', 'time': 1692654385817, 'isBuyerMaker': False, 'isBestMatch': True}
{'id': 3196793616, 'price': '26203.40000000', 'qty': '0.07998000', 'quoteQty': '2095.74793200', 'time': 1692654385917, 'isBuyerMaker': False, 'isBestMatch': True}
{'id': 3196793617, 'price': '26203.39000000', 'qty': '0.00124000', 'quoteQty': '32.49220360', 'time': 1692654388021, 'isBuyerMaker': True, 'isBestMatch': True}
{'id': 3196793618, 'price': '26203.39000000', 'qty': '0.00119000', 'quoteQty': '31.18203410', 'time': 1692654388081, 'isBuyerMaker': True, 'isBestMatch': True}
{'id': 3196793619, 'price': '26203.40000000', 'qty': '0.01082000', 'quoteQty': '283.52078800', 'time': 1692654388250, 'isBuyerMaker': False, 'isBestMatch': True}
{'id': 3196793620, 'price': '26203.39000000', 'qty': '0.00557000', 'quoteQty': '145.95288230', 'time': 1692654388617, 'isBuyerMaker': True, 'isBestMatch': True}
{'id': 3196793621, 'price': '26203.39000000', 'qty': '0.00532000', 'quoteQty': '139.40203480', 'time': 1692654388617, 'isBuyerMaker': True, 'isBestMatch': True}
{'id': 3196793622, 'price': '26203.40000000', 'qty': '0.01706000', 'quoteQty': '447.03000400', 'time': 1692654388683, 'isBuyerMaker': False, 'isBestMatch': True}
{'id': 3196793623, 'price': '26203.40000000', 'qty': '0.04416000', 'quoteQty': '1157.14214400', 'time': 1692654388683, 'isBuyerMaker': False, 'isBestMatch': True}
{'id': 3196793624, 'price': '26203.40000000', 'qty': '0.06000000', 'quoteQty': '1572.20400000', 'time': 1692654388683, 'isBuyerMaker': False, 'isBestMatch': True}
{'id': 3196793625, 'price': '26203.40000000', 'qty': '0.02000000', 'quoteQty': '524.06800000', 'time': 1692654388683, 'isBuyerMaker': False, 'isBestMatch': True}
{'id': 3196793626, 'price': '26204.62000000', 'qty': '0.00098000', 'quoteQty': '25.68052760', 'time': 1692654388685, 'isBuyerMaker': False, 'isBestMatch': True}
{'id': 3196793627, 'price': '26204.52000000', 'qty': '0.07769000', 'quoteQty': '2035.82915880', 'time': 1692654389137, 'isBuyerMaker': False, 'isBestMatch': True}
{'id': 3196793628, 'price': '26204.52000000', 'qty': '0.07753000', 'quoteQty': '2031.63643560', 'time': 1692654389137, 'isBuyerMaker': False, 'isBestMatch': True}
{'id': 3196793629, 'price': '26204.52000000', 'qty': '0.00478000', 'quoteQty': '125.25760560', 'time': 1692654389137, 'isBuyerMaker': False, 'isBestMatch': True}
{'id': 3196793630, 'price': '26204.52000000', 'qty': '0.06389000', 'quoteQty': '1674.20678280', 'time': 1692654389507, 'isBuyerMaker': False, 'isBestMatch': True}
{'id': 3196793631, 'price': '26204.51000000', 'qty': '0.00381000', 'quoteQty': '99.83918310', 'time': 1692654390058, 'isBuyerMaker': True, 'isBestMatch': True}
{'id': 3196793632, 'price': '26204.51000000', 'qty': '0.00699000', 'quoteQty': '183.16952490', 'time': 1692654390058, 'isBuyerMaker': True, 'isBestMatch': True}
{'id': 3196793633, 'price': '26204.52000000', 'qty': '0.01364000', 'quoteQty': '357.42965280', 'time': 1692654390143, 'isBuyerMaker': False, 'isBestMatch': True}
{'id': 3196793634, 'price': '26204.52000000', 'qty': '0.07769000', 'quoteQty': '2035.82915880', 'time': 1692654390143, 'isBuyerMaker': False, 'isBestMatch': True}
{'id': 3196793635, 'price': '26204.52000000', 'qty': '0.07753000', 'quoteQty': '2031.63643560', 'time': 1692654390143, 'isBuyerMaker': False, 'isBestMatch': True}
{'id': 3196793636, 'price': '26204.52000000', 'qty': '0.00572000', 'quoteQty': '149.88985440', 'time': 1692654390143, 'isBuyerMaker': False, 'isBestMatch': True}
{'id': 3196793637, 'price': '26206.09000000', 'qty': '0.00096000', 'quoteQty': '25.15784640', 'time': 1692654390147, 'isBuyerMaker': False, 'isBestMatch': True}
{'id': 3196793638, 'price': '26206.08000000', 'qty': '0.00572000', 'quoteQty': '149.89877760', 'time': 1692654391439, 'isBuyerMaker': False, 'isBestMatch': True}
{'id': 3196793639, 'price': '26206.08000000', 'qty': '0.00813000', 'quoteQty': '213.05543040', 'time': 1692654391439, 'isBuyerMaker': False, 'isBestMatch': True}
{'id': 3196793640, 'price': '26207.19000000', 'qty': '0.00039000', 'quoteQty': '10.22080410', 'time': 1692654391439, 'isBuyerMaker': False, 'isBestMatch': True}
{'id': 3196793641, 'price': '26207.69000000', 'qty': '0.00048000', 'quoteQty': '12.57969120', 'time': 1692654391439, 'isBuyerMaker': False, 'isBestMatch': True}
{'id': 3196793642, 'price': '26207.71000000', 'qty': '0.03000000', 'quoteQty': '786.23130000', 'time': 1692654391439, 'isBuyerMaker': False, 'isBestMatch': True}
{'id': 3196793643, 'price': '26208.08000000', 'qty': '0.00200000', 'quoteQty': '52.41616000', 'time': 1692654391439, 'isBuyerMaker': False, 'isBestMatch': True}
{'id': 3196793644, 'price': '26208.34000000', 'qty': '0.22189000', 'quoteQty': '5815.36856260', 'time': 1692654391955, 'isBuyerMaker': False, 'isBestMatch': True}
{'id': 3196793645, 'price': '26208.34000000', 'qty': '0.11980000', 'quoteQty': '3139.75913200', 'time': 1692654391955, 'isBuyerMaker': False, 'isBestMatch': True}
{'id': 3196793646, 'price': '26208.34000000', 'qty': '0.07753000', 'quoteQty': '2031.93260020', 'time': 1692654391955, 'isBuyerMaker': False, 'isBestMatch': True}
{'id': 3196793647, 'price': '26208.34000000', 'qty': '0.08078000', 'quoteQty': '2117.10970520', 'time': 1692654391955, 'isBuyerMaker': False, 'isBestMatch': True}
{'id': 3196793648, 'price': '26208.33000000', 'qty': '0.00045000', 'quoteQty': '11.79374850', 'time': 1692654392742, 'isBuyerMaker': True, 'isBestMatch': True}
{'id': 3196793649, 'price': '26208.33000000', 'qty': '0.00125000', 'quoteQty': '32.76041250', 'time': 1692654392862, 'isBuyerMaker': True, 'isBestMatch': True}
{'id': 3196793650, 'price': '26208.33000000', 'qty': '0.01969000', 'quoteQty': '516.04201770', 'time': 1692654393537, 'isBuyerMaker': True, 'isBestMatch': True}
{'id': 3196793651, 'price': '26208.33000000', 'qty': '0.00530000', 'quoteQty': '138.90414900', 'time': 1692654393599, 'isBuyerMaker': True, 'isBestMatch': True}
{'id': 3196793652, 'price': '26208.34000000', 'qty': '0.25250000', 'quoteQty': '6617.60585000', 'time': 1692654394038, 'isBuyerMaker': False, 'isBestMatch': True}
{'id': 3196793653, 'price': '26208.33000000', 'qty': '0.00305000', 'quoteQty': '79.93540650', 'time': 1692654394728, 'isBuyerMaker': True, 'isBestMatch': True}
{'id': 3196793654, 'price': '26208.33000000', 'qty': '0.00351000', 'quoteQty': '91.99123830', 'time': 1692654394728, 'isBuyerMaker': True, 'isBestMatch': True}
{'id': 3196793655, 'price': '26208.33000000', 'qty': '0.00077000', 'quoteQty': '20.18041410', 'time': 1692654394730, 'isBuyerMaker': True, 'isBestMatch': True}
{'id': 3196793656, 'price': '26208.33000000', 'qty': '0.00089000', 'quoteQty': '23.32541370', 'time': 1692654394730, 'isBuyerMaker': True, 'isBestMatch': True}
{'id': 3196793657, 'price': '26208.33000000', 'qty': '0.07507000', 'quoteQty': '1967.45933310', 'time': 1692654395140, 'isBuyerMaker': True, 'isBestMatch': True}
{'id': 3196793658, 'price': '26208.34000000', 'qty': '0.00133000', 'quoteQty': '34.85709220', 'time': 1692654396109, 'isBuyerMaker': False, 'isBestMatch': True}
{'id': 3196793659, 'price': '26208.34000000', 'qty': '0.00523000', 'quoteQty': '137.06961820', 'time': 1692654396505, 'isBuyerMaker': False, 'isBestMatch': True}
{'id': 3196793660, 'price': '26208.34000000', 'qty': '0.01850000', 'quoteQty': '484.85429000', 'time': 1692654396755, 'isBuyerMaker': False, 'isBestMatch': True}
{'id': 3196793661, 'price': '26208.34000000', 'qty': '0.00039000', 'quoteQty': '10.22125260', 'time': 1692654397167, 'isBuyerMaker': False, 'isBestMatch': True}
{'id': 3196793662, 'price': '26208.34000000', 'qty': '0.01256000', 'quoteQty': '329.17675040', 'time': 1692654397345, 'isBuyerMaker': False, 'isBestMatch': True}
{'id': 3196793663, 'price': '26208.34000000', 'qty': '0.00272000', 'quoteQty': '71.28668480', 'time': 1692654397506, 'isBuyerMaker': False, 'isBestMatch': True}
{'id': 3196793664, 'price': '26208.33000000', 'qty': '0.00140000', 'quoteQty': '36.69166200', 'time': 1692654398094, 'isBuyerMaker': True, 'isBestMatch': True}
{'id': 3196793665, 'price': '26208.34000000', 'qty': '0.21761000', 'quoteQty': '5703.19686740', 'time': 1692654398739, 'isBuyerMaker': False, 'isBestMatch': True}
{'id': 3196793666, 'price': '26208.34000000', 'qty': '0.50000000', 'quoteQty': '13104.17000000', 'time': 1692654399134, 'isBuyerMaker': False, 'isBestMatch': True}
{'id': 3196793667, 'price': '26208.34000000', 'qty': '0.01082000', 'quoteQty': '283.57423880', 'time': 1692654399426, 'isBuyerMaker': False, 'isBestMatch': True}
{'id': 3196793668, 'price': '26208.33000000', 'qty': '0.00388000', 'quoteQty': '101.68832040', 'time': 1692654400378, 'isBuyerMaker': True, 'isBestMatch': True}
{'id': 3196793669, 'price': '26208.33000000', 'qty': '0.00721000', 'quoteQty': '188.96205930', 'time': 1692654400378, 'isBuyerMaker': True, 'isBestMatch': True}
{'id': 3196793670, 'price': '26208.33000000', 'qty': '0.00673000', 'quoteQty': '176.38206090', 'time': 1692654400378, 'isBuyerMaker': True, 'isBestMatch': True}
{'id': 3196793671, 'price': '26208.33000000', 'qty': '0.00575000', 'quoteQty': '150.69789750', 'time': 1692654400378, 'isBuyerMaker': True, 'isBestMatch': True}
{'id': 3196793672, 'price': '26208.34000000', 'qty': '0.01483000', 'quoteQty': '388.66968220', 'time': 1692654401659, 'isBuyerMaker': False, 'isBestMatch': True}
{'id': 3196793673, 'price': '26208.33000000', 'qty': '0.00176000', 'quoteQty': '46.12666080', 'time': 1692654401679, 'isBuyerMaker': True, 'isBestMatch': True}
{'id': 3196793674, 'price': '26208.33000000', 'qty': '0.00324000', 'quoteQty': '84.91498920', 'time': 1692654401679, 'isBuyerMaker': True, 'isBestMatch': True}
{'id': 3196793675, 'price': '26208.34000000', 'qty': '0.00156000', 'quoteQty': '40.88501040', 'time': 1692654402089, 'isBuyerMaker': False, 'isBestMatch': True}
{'id': 3196793676, 'price': '26208.33000000', 'qty': '0.00041000', 'quoteQty': '10.74541530', 'time': 1692654402640, 'isBuyerMaker': True, 'isBestMatch': True}
{'id': 3196793677, 'price': '26208.33000000', 'qty': '0.04283000', 'quoteQty': '1122.50277390', 'time': 1692654403249, 'isBuyerMaker': True, 'isBestMatch': True}
{'id': 3196793678, 'price': '26208.33000000', 'qty': '0.00361000', 'quoteQty': '94.61207130', 'time': 1692654403437, 'isBuyerMaker': True, 'isBestMatch': True}
{'id': 3196793679, 'price': '26208.33000000', 'qty': '0.00200000', 'quoteQty': '52.41666000', 'time': 1692654404166, 'isBuyerMaker': True, 'isBestMatch': True}
{'id': 3196793680, 'price': '26208.33000000', 'qty': '0.10923000', 'quoteQty': '2862.73588590', 'time': 1692654406508, 'isBuyerMaker': True, 'isBestMatch': True}
{'id': 3196793681, 'price': '26208.33000000', 'qty': '0.39932000', 'quoteQty': '10465.51033560', 'time': 1692654406508, 'isBuyerMaker': True, 'isBestMatch': True}
{'id': 3196793682, 'price': '26208.33000000', 'qty': '0.01529000', 'quoteQty': '400.72536570', 'time': 1692654406779, 'isBuyerMaker': True, 'isBestMatch': True}
{'id': 3196793683, 'price': '26208.33000000', 'qty': '0.00268000', 'quoteQty': '70.23832440', 'time': 1692654408029, 'isBuyerMaker': True, 'isBestMatch': True}
{'id': 3196793684, 'price': '26208.33000000', 'qty': '0.00076000', 'quoteQty': '19.91833080', 'time': 1692654408078, 'isBuyerMaker': True, 'isBestMatch': True}
{'id': 3196793685, 'price': '26208.34000000', 'qty': '0.00105000', 'quoteQty': '27.51875700', 'time': 1692654408838, 'isBuyerMaker': False, 'isBestMatch': True}
{'id': 3196793686, 'price': '26208.34000000', 'qty': '0.15405000', 'quoteQty': '4037.39477700', 'time': 1692654409140, 'isBuyerMaker': False, 'isBestMatch': True}
{'id': 3196793687, 'price': '26208.34000000', 'qty': '0.08474000', 'quoteQty': '2220.89473160', 'time': 1692654409140, 'isBuyerMaker': False, 'isBestMatch': True}
{'id': 3196793688, 'price': '26208.34000000', 'qty': '0.18883000', 'quoteQty': '4948.92084220', 'time': 1692654409140, 'isBuyerMaker': False, 'isBestMatch': True}
{'id': 3196793689, 'price': '26208.34000000', 'qty': '0.00048000', 'quoteQty': '12.58000320', 'time': 1692654409140, 'isBuyerMaker': False, 'isBestMatch': True}
{'id': 3196793690, 'price': '26208.34000000', 'qty': '0.00049000', 'quoteQty': '12.84208660', 'time': 1692654409140, 'isBuyerMaker': False, 'isBestMatch': True}
{'id': 3196793691, 'price': '26208.34000000', 'qty': '0.03816000', 'quoteQty': '1000.11025440', 'time': 1692654409140, 'isBuyerMaker': False, 'isBestMatch': True}
{'id': 3196793692, 'price': '26208.34000000', 'qty': '0.03325000', 'quoteQty': '871.42730500', 'time': 1692654409140, 'isBuyerMaker': False, 'isBestMatch': True}
{'id': 3196793693, 'price': '26208.34000000', 'qty': '0.01082000', 'quoteQty': '283.57423880', 'time': 1692654410608, 'isBuyerMaker': False, 'isBestMatch': True}
{'id': 3196793694, 'price': '26208.33000000', 'qty': '0.00160000', 'quoteQty': '41.93332800', 'time': 1692654411228, 'isBuyerMaker': True, 'isBestMatch': True}
{'id': 3196793695, 'price': '26208.34000000', 'qty': '0.00283000', 'quoteQty': '74.16960220', 'time': 1692654411505, 'isBuyerMaker': False, 'isBestMatch': True}
{'id': 3196793696, 'price': '26208.34000000', 'qty': '0.00341000', 'quoteQty': '89.37043940', 'time': 1692654411577, 'isBuyerMaker': False, 'isBestMatch': True}
{'id': 3196793697, 'price': '26208.34000000', 'qty': '0.04606000', 'quoteQty': '1207.15614040', 'time': 1692654412379, 'isBuyerMaker': False, 'isBestMatch': True}
{'id': 3196793698, 'price': '26208.34000000', 'qty': '0.06840000', 'quoteQty': '1792.65045600', 'time': 1692654412379, 'isBuyerMaker': False, 'isBestMatch': True}
{'id': 3196793699, 'price': '26208.34000000', 'qty': '0.00190000', 'quoteQty': '49.79584600', 'time': 1692654413971, 'isBuyerMaker': False, 'isBestMatch': True}
{'id': 3196793700, 'price': '26208.33000000', 'qty': '0.00115000', 'quoteQty': '30.13957950', 'time': 1692654414494, 'isBuyerMaker': True, 'isBestMatch': True}
{'id': 3196793701, 'price': '26208.34000000', 'qty': '0.02164000', 'quoteQty': '567.14847760', 'time': 1692654414507, 'isBuyerMaker': False, 'isBestMatch': True}
{'id': 3196793702, 'price': '26208.34000000', 'qty': '0.00572000', 'quoteQty': '149.91170480', 'time': 1692654414507, 'isBuyerMaker': False, 'isBestMatch': True}
{'id': 3196793703, 'price': '26208.34000000', 'qty': '0.02137000', 'quoteQty': '560.07222580', 'time': 1692654414507, 'isBuyerMaker': False, 'isBestMatch': True}
{'id': 3196793704, 'price': '26208.34000000', 'qty': '0.01526000', 'quoteQty': '399.93926840', 'time': 1692654415839, 'isBuyerMaker': False, 'isBestMatch': True}
{'id': 3196793705, 'price': '26208.33000000', 'qty': '0.00305000', 'quoteQty': '79.93540650', 'time': 1692654416349, 'isBuyerMaker': True, 'isBestMatch': True}
{'id': 3196793706, 'price': '26208.33000000', 'qty': '0.00076000', 'quoteQty': '19.91833080', 'time': 1692654416351, 'isBuyerMaker': True, 'isBestMatch': True}
{'id': 3196793707, 'price': '26208.34000000', 'qty': '0.00044000', 'quoteQty': '11.53166960', 'time': 1692654416767, 'isBuyerMaker': False, 'isBestMatch': True}
{'id': 3196793708, 'price': '26208.34000000', 'qty': '0.05596000', 'quoteQty': '1466.61870640', 'time': 1692654416893, 'isBuyerMaker': False, 'isBestMatch': True}
{'id': 3196793709, 'price': '26208.34000000', 'qty': '0.00547000', 'quoteQty': '143.35961980', 'time': 1692654417892, 'isBuyerMaker': False, 'isBestMatch': True}
{'id': 3196793710, 'price': '26208.33000000', 'qty': '0.00439000', 'quoteQty': '115.05456870', 'time': 1692654418820, 'isBuyerMaker': True, 'isBestMatch': True}
{'id': 3196793711, 'price': '26208.34000000', 'qty': '0.10150000', 'quoteQty': '2660.14651000', 'time': 1692654419141, 'isBuyerMaker': False, 'isBestMatch': True}
{'id': 3196793712, 'price': '26208.34000000', 'qty': '0.11138000', 'quoteQty': '2919.08490920', 'time': 1692654419141, 'isBuyerMaker': False, 'isBestMatch': True}
{'id': 3196793713, 'price': '26208.34000000', 'qty': '0.00721000', 'quoteQty': '188.96213140', 'time': 1692654419141, 'isBuyerMaker': False, 'isBestMatch': True}
{'id': 3196793714, 'price': '26208.34000000', 'qty': '0.00673000', 'quoteQty': '176.38212820', 'time': 1692654419141, 'isBuyerMaker': False, 'isBestMatch': True}
{'id': 3196793715, 'price': '26208.34000000', 'qty': '0.00751000', 'quoteQty': '196.82463340', 'time': 1692654419141, 'isBuyerMaker': False, 'isBestMatch': True}
{'id': 3196793716, 'price': '26208.34000000', 'qty': '0.12225000', 'quoteQty': '3203.96956500', 'time': 1692654419141, 'isBuyerMaker': False, 'isBestMatch': True}
{'id': 3196793717, 'price': '26208.34000000', 'qty': '0.14342000', 'quoteQty': '3758.80012280', 'time': 1692654419141, 'isBuyerMaker': False, 'isBestMatch': True}
{'id': 3196793718, 'price': '26208.33000000', 'qty': '0.00052000', 'quoteQty': '13.62833160', 'time': 1692654419816, 'isBuyerMaker': True, 'isBestMatch': True}
{'id': 3196793719, 'price': '26208.33000000', 'qty': '0.00104000', 'quoteQty': '27.25666320', 'time': 1692654419981, 'isBuyerMaker': True, 'isBestMatch': True}
{'id': 3196793720, 'price': '26208.34000000', 'qty': '0.00186000', 'quoteQty': '48.74751240', 'time': 1692654419983, 'isBuyerMaker': False, 'isBestMatch': True}
{'id': 3196793721, 'price': '26208.33000000', 'qty': '0.00110000', 'quoteQty': '28.82916300', 'time': 1692654419986, 'isBuyerMaker': True, 'isBestMatch': True}
{'id': 3196793722, 'price': '26208.33000000', 'qty': '0.00091000', 'quoteQty': '23.84958030', 'time': 1692654419987, 'isBuyerMaker': True, 'isBestMatch': True}
{'id': 3196793723, 'price': '26208.34000000', 'qty': '0.00511000', 'quoteQty': '133.92461740', 'time': 1692654419989, 'isBuyerMaker': False, 'isBestMatch': True}
{'id': 3196793724, 'price': '26208.34000000', 'qty': '0.00346000', 'quoteQty': '90.68085640', 'time': 1692654419989, 'isBuyerMaker': False, 'isBestMatch': True}
{'id': 3196793725, 'price': '26208.33000000', 'qty': '0.00772000', 'quoteQty': '202.32830760', 'time': 1692654419993, 'isBuyerMaker': True, 'isBestMatch': True}
{'id': 3196793726, 'price': '26208.34000000', 'qty': '0.00105000', 'quoteQty': '27.51875700', 'time': 1692654419993, 'isBuyerMaker': False, 'isBestMatch': True}
{'id': 3196793727, 'price': '26208.33000000', 'qty': '0.00260000', 'quoteQty': '68.14165800', 'time': 1692654419993, 'isBuyerMaker': True, 'isBestMatch': True}
{'id': 3196793728, 'price': '26208.34000000', 'qty': '0.00361000', 'quoteQty': '94.61210740', 'time': 1692654419994, 'isBuyerMaker': False, 'isBestMatch': True}
{'id': 3196793729, 'price': '26208.34000000', 'qty': '0.00341000', 'quoteQty': '89.37043940', 'time': 1692654419995, 'isBuyerMaker': False, 'isBestMatch': True}
{'id': 3196793730, 'price': '26208.33000000', 'qty': '0.00090000', 'quoteQty': '23.58749700', 'time': 1692654419995, 'isBuyerMaker': True, 'isBestMatch': True}
{'id': 3196793731, 'price': '26208.34000000', 'qty': '0.00062000', 'quoteQty': '16.24917080', 'time': 1692654419995, 'isBuyerMaker': False, 'isBestMatch': True}
{'id': 3196793732, 'price': '26208.33000000', 'qty': '0.00065000', 'quoteQty': '17.03541450', 'time': 1692654419997, 'isBuyerMaker': True, 'isBestMatch': True}
{'id': 3196793733, 'price': '26208.34000000', 'qty': '0.00141000', 'quoteQty': '36.95375940', 'time': 1692654419998, 'isBuyerMaker': False, 'isBestMatch': True}
{'id': 3196793734, 'price': '26208.34000000', 'qty': '0.00288000', 'quoteQty': '75.48001920', 'time': 1692654419998, 'isBuyerMaker': False, 'isBestMatch': True}
{'id': 3196793735, 'price': '26208.33000000', 'qty': '0.00386000', 'quoteQty': '101.16415380', 'time': 1692654419999, 'isBuyerMaker': True, 'isBestMatch': True}
{'id': 3196793736, 'price': '26208.34000000', 'qty': '0.00259000', 'quoteQty': '67.87960060', 'time': 1692654419999, 'isBuyerMaker': False, 'isBestMatch': True}
{'id': 3196793737, 'price': '26208.33000000', 'qty': '0.00115000', 'quoteQty': '30.13957950', 'time': 1692654419999, 'isBuyerMaker': True, 'isBestMatch': True}
{'id': 3196793738, 'price': '26208.33000000', 'qty': '0.00355000', 'quoteQty': '93.03957150', 'time': 1692654420001, 'isBuyerMaker': True, 'isBestMatch': True}
{'id': 3196793739, 'price': '26208.34000000', 'qty': '0.00210000', 'quoteQty': '55.03751400', 'time': 1692654420001, 'isBuyerMaker': False, 'isBestMatch': True}
{'id': 3196793740, 'price': '26208.33000000', 'qty': '0.00326000', 'quoteQty': '85.43915580', 'time': 1692654420005, 'isBuyerMaker': True, 'isBestMatch': True}
{'id': 3196793741, 'price': '26208.33000000', 'qty': '0.00308000', 'quoteQty': '80.72165640', 'time': 1692654420006, 'isBuyerMaker': True, 'isBestMatch': True}
{'id': 3196793742, 'price': '26208.34000000', 'qty': '0.00145000', 'quoteQty': '38.00209300', 'time': 1692654420008, 'isBuyerMaker': False, 'isBestMatch': True}
{'id': 3196793743, 'price': '26208.34000000', 'qty': '0.00833000', 'quoteQty': '218.31547220', 'time': 1692654420008, 'isBuyerMaker': False, 'isBestMatch': True}
{'id': 3196793744, 'price': '26208.33000000', 'qty': '0.00195000', 'quoteQty': '51.10624350', 'time': 1692654420009, 'isBuyerMaker': True, 'isBestMatch': True}
{'id': 3196793745, 'price': '26208.34000000', 'qty': '0.00108000', 'quoteQty': '28.30500720', 'time': 1692654420009, 'isBuyerMaker': False, 'isBestMatch': True}
{'id': 3196793746, 'price': '26208.34000000', 'qty': '0.00058000', 'quoteQty': '15.20083720', 'time': 1692654420009, 'isBuyerMaker': False, 'isBestMatch': True}
{'id': 3196793747, 'price': '26208.33000000', 'qty': '0.00470000', 'quoteQty': '123.17915100', 'time': 1692654420010, 'isBuyerMaker': True, 'isBestMatch': True}
{'id': 3196793748, 'price': '26208.33000000', 'qty': '0.00167000', 'quoteQty': '43.76791110', 'time': 1692654420012, 'isBuyerMaker': True, 'isBestMatch': True}
{'id': 3196793749, 'price': '26208.34000000', 'qty': '0.00106000', 'quoteQty': '27.78084040', 'time': 1692654420013, 'isBuyerMaker': False, 'isBestMatch': True}
{'id': 3196793750, 'price': '26208.34000000', 'qty': '0.00221000', 'quoteQty': '57.92043140', 'time': 1692654420015, 'isBuyerMaker': False, 'isBestMatch': True}
{'id': 3196793751, 'price': '26208.34000000', 'qty': '0.00422000', 'quoteQty': '110.59919480', 'time': 1692654420019, 'isBuyerMaker': False, 'isBestMatch': True}
{'id': 3196793752, 'price': '26208.34000000', 'qty': '0.06032000', 'quoteQty': '1580.88706880', 'time': 1692654421506, 'isBuyerMaker': False, 'isBestMatch': True}
{'id': 3196793753, 'price': '26208.34000000', 'qty': '0.19568000', 'quoteQty': '5128.44797120', 'time': 1692654421506, 'isBuyerMaker': False, 'isBestMatch': True}
{'id': 3196793754, 'price': '26208.34000000', 'qty': '0.00048000', 'quoteQty': '12.58000320', 'time': 1692654421506, 'isBuyerMaker': False, 'isBestMatch': True}
{'id': 3196793755, 'price': '26208.34000000', 'qty': '0.14137000', 'quoteQty': '3705.07302580', 'time': 1692654421506, 'isBuyerMaker': False, 'isBestMatch': True}
{'id': 3196793756, 'price': '26208.34000000', 'qty': '0.27536000', 'quoteQty': '7216.72850240', 'time': 1692654421506, 'isBuyerMaker': False, 'isBestMatch': True}
{'id': 3196793757, 'price': '26208.34000000', 'qty': '0.00048000', 'quoteQty': '12.58000320', 'time': 1692654421506, 'isBuyerMaker': False, 'isBestMatch': True}
{'id': 3196793758, 'price': '26208.34000000', 'qty': '0.00048000', 'quoteQty': '12.58000320', 'time': 1692654421506, 'isBuyerMaker': False, 'isBestMatch': True}
{'id': 3196793759, 'price': '26208.34000000', 'qty': '0.27785000', 'quoteQty': '7281.98726900', 'time': 1692654421506, 'isBuyerMaker': False, 'isBestMatch': True}
{'id': 3196793760, 'price': '26208.34000000', 'qty': '0.00187000', 'quoteQty': '49.00959580', 'time': 1692654421506, 'isBuyerMaker': False, 'isBestMatch': True}
{'id': 3196793761, 'price': '26208.34000000', 'qty': '0.01082000', 'quoteQty': '283.57423880', 'time': 1692654421784, 'isBuyerMaker': False, 'isBestMatch': True}
{'id': 3196793762, 'price': '26208.34000000', 'qty': '0.00046000', 'quoteQty': '12.05583640', 'time': 1692654422995, 'isBuyerMaker': False, 'isBestMatch': True}
{'id': 3196793763, 'price': '26208.34000000', 'qty': '0.00066000', 'quoteQty': '17.29750440', 'time': 1692654422999, 'isBuyerMaker': False, 'isBestMatch': True}
{'id': 3196793764, 'price': '26208.34000000', 'qty': '0.00051000', 'quoteQty': '13.36625340', 'time': 1692654423897, 'isBuyerMaker': False, 'isBestMatch': True}
{'id': 3196793765, 'price': '26208.33000000', 'qty': '0.00127000', 'quoteQty': '33.28457910', 'time': 1692654425248, 'isBuyerMaker': True, 'isBestMatch': True}
{'id': 3196793766, 'price': '26208.34000000', 'qty': '0.00101000', 'quoteQty': '26.47042340', 'time': 1692654425423, 'isBuyerMaker': False, 'isBestMatch': True}
{'id': 3196793767, 'price': '26208.34000000', 'qty': '0.02283000', 'quoteQty': '598.33640220', 'time': 1692654425425, 'isBuyerMaker': False, 'isBestMatch': True}
{'id': 3196793768, 'price': '26208.34000000', 'qty': '0.00727000', 'quoteQty': '190.53463180', 'time': 1692654425425, 'isBuyerMaker': False, 'isBestMatch': True}
{'id': 3196793769, 'price': '26208.34000000', 'qty': '0.11940000', 'quoteQty': '3129.27579600', 'time': 1692654425425, 'isBuyerMaker': False, 'isBestMatch': True}
{'id': 3196793770, 'price': '26208.34000000', 'qty': '0.16465000', 'quoteQty': '4315.20318100', 'time': 1692654425425, 'isBuyerMaker': False, 'isBestMatch': True}
{'id': 3196793771, 'price': '26208.34000000', 'qty': '0.00115000', 'quoteQty': '30.13959100', 'time': 1692654427506, 'isBuyerMaker': False, 'isBestMatch': True}
{'id': 3196793772, 'price': '26208.33000000', 'qty': '0.10623000', 'quoteQty': '2784.11089590', 'time': 1692654428683, 'isBuyerMaker': True, 'isBestMatch': True}
{'id': 3196793773, 'price': '26208.33000000', 'qty': '0.01625000', 'quoteQty': '425.88536250', 'time': 1692654428804, 'isBuyerMaker': True, 'isBestMatch': True}
{'id': 3196793774, 'price': '26208.33000000', 'qty': '0.03826000', 'quoteQty': '1002.73070580', 'time': 1692654428877, 'isBuyerMaker': True, 'isBestMatch': True}
{'id': 3196793775, 'price': '26208.33000000', 'qty': '0.00637000', 'quoteQty': '166.94706210', 'time': 1692654429184, 'isBuyerMaker': True, 'isBestMatch': True}
{'id': 3196793776, 'price': '26208.34000000', 'qty': '0.00046000', 'quoteQty': '12.05583640', 'time': 1692654429197, 'isBuyerMaker': False, 'isBestMatch': True}
{'id': 3196793777, 'price': '26208.33000000', 'qty': '0.00043000', 'quoteQty': '11.26958190', 'time': 1692654429423, 'isBuyerMaker': True, 'isBestMatch': True}
{'id': 3196793778, 'price': '26208.34000000', 'qty': '0.00357000', 'quoteQty': '93.56377380', 'time': 1692654429460, 'isBuyerMaker': False, 'isBestMatch': True}
{'id': 3196793779, 'price': '26208.33000000', 'qty': '0.00096000', 'quoteQty': '25.15999680', 'time': 1692654430222, 'isBuyerMaker': True, 'isBestMatch': True}
{'id': 3196793780, 'price': '26208.33000000', 'qty': '0.00176000', 'quoteQty': '46.12666080', 'time': 1692654431681, 'isBuyerMaker': True, 'isBestMatch': True}
{'id': 3196793781, 'price': '26208.33000000', 'qty': '0.02500000', 'quoteQty': '655.20825000', 'time': 1692654432174, 'isBuyerMaker': True, 'isBestMatch': True}
{'id': 3196793782, 'price': '26208.34000000', 'qty': '0.01082000', 'quoteQty': '283.57423880', 'time': 1692654433013, 'isBuyerMaker': False, 'isBestMatch': True}
{'id': 3196793783, 'price': '26208.33000000', 'qty': '0.00305000', 'quoteQty': '79.93540650', 'time': 1692654433166, 'isBuyerMaker': True, 'isBestMatch': True}
{'id': 3196793784, 'price': '26208.33000000', 'qty': '0.00076000', 'quoteQty': '19.91833080', 'time': 1692654433168, 'isBuyerMaker': True, 'isBestMatch': True}
{'id': 3196793785, 'price': '26208.33000000', 'qty': '0.00117000', 'quoteQty': '30.66374610', 'time': 1692654434044, 'isBuyerMaker': True, 'isBestMatch': True}
{'id': 3196793786, 'price': '26208.34000000', 'qty': '0.01018000', 'quoteQty': '266.80090120', 'time': 1692654434507, 'isBuyerMaker': False, 'isBestMatch': True}
{'id': 3196793787, 'price': '26208.34000000', 'qty': '0.07097000', 'quoteQty': '1860.00588980', 'time': 1692654434507, 'isBuyerMaker': False, 'isBestMatch': True}
{'id': 3196793788, 'price': '26208.34000000', 'qty': '0.00082000', 'quoteQty': '21.49083880', 'time': 1692654435192, 'isBuyerMaker': False, 'isBestMatch': True}
{'id': 3196793789, 'price': '26208.33000000', 'qty': '0.00305000', 'quoteQty': '79.93540650', 'time': 1692654435590, 'isBuyerMaker': True, 'isBestMatch': True}
{'id': 3196793790, 'price': '26208.33000000', 'qty': '0.00149000', 'quoteQty': '39.05041170', 'time': 1692654435590, 'isBuyerMaker': True, 'isBestMatch': True}
{'id': 3196793791, 'price': '26208.33000000', 'qty': '0.03501000', 'quoteQty': '917.55363330', 'time': 1692654435590, 'isBuyerMaker': True, 'isBestMatch': True}
{'id': 3196793792, 'price': '26208.33000000', 'qty': '0.00054000', 'quoteQty': '14.15249820', 'time': 1692654435590, 'isBuyerMaker': True, 'isBestMatch': True}
{'id': 3196793793, 'price': '26208.33000000', 'qty': '0.01051000', 'quoteQty': '275.44954830', 'time': 1692654435590, 'isBuyerMaker': True, 'isBestMatch': True}
{'id': 3196793794, 'price': '26208.33000000', 'qty': '0.06000000', 'quoteQty': '1572.49980000', 'time': 1692654435590, 'isBuyerMaker': True, 'isBestMatch': True}
{'id': 3196793795, 'price': '26208.33000000', 'qty': '0.00041000', 'quoteQty': '10.74541530', 'time': 1692654435590, 'isBuyerMaker': True, 'isBestMatch': True}
{'id': 3196793796, 'price': '26208.33000000', 'qty': '0.00041000', 'quoteQty': '10.74541530', 'time': 1692654435590, 'isBuyerMaker': True, 'isBestMatch': True}
{'id': 3196793797, 'price': '26208.33000000', 'qty': '0.00069000', 'quoteQty': '18.08374770', 'time': 1692654435590, 'isBuyerMaker': True, 'isBestMatch': True}
{'id': 3196793798, 'price': '26208.33000000', 'qty': '0.00067000', 'quoteQty': '17.55958110', 'time': 1692654435590, 'isBuyerMaker': True, 'isBestMatch': True}
{'id': 3196793799, 'price': '26208.33000000', 'qty': '0.00303000', 'quoteQty': '79.41123990', 'time': 1692654435590, 'isBuyerMaker': True, 'isBestMatch': True}
{'id': 3196793800, 'price': '26208.33000000', 'qty': '0.00078000', 'quoteQty': '20.44249740', 'time': 1692654435590, 'isBuyerMaker': True, 'isBestMatch': True}
{'id': 3196793801, 'price': '26208.33000000', 'qty': '0.02239000', 'quoteQty': '586.80450870', 'time': 1692654435590, 'isBuyerMaker': True, 'isBestMatch': True}
{'id': 3196793802, 'price': '26208.33000000', 'qty': '0.04257000', 'quoteQty': '1115.68860810', 'time': 1692654435590, 'isBuyerMaker': True, 'isBestMatch': True}
{'id': 3196793803, 'price': '26208.33000000', 'qty': '0.01000000', 'quoteQty': '262.08330000', 'time': 1692654435590, 'isBuyerMaker': True, 'isBestMatch': True}
{'id': 3196793804, 'price': '26208.33000000', 'qty': '0.00240000', 'quoteQty': '62.89999200', 'time': 1692654435590, 'isBuyerMaker': True, 'isBestMatch': True}
{'id': 3196793805, 'price': '26208.33000000', 'qty': '0.00336000', 'quoteQty': '88.05998880', 'time': 1692654435590, 'isBuyerMaker': True, 'isBestMatch': True}
{'id': 3196793806, 'price': '26208.33000000', 'qty': '0.00466000', 'quoteQty': '122.13081780', 'time': 1692654435593, 'isBuyerMaker': True, 'isBestMatch': True}
{'id': 3196793807, 'price': '26208.33000000', 'qty': '0.00200000', 'quoteQty': '52.41666000', 'time': 1692654435593, 'isBuyerMaker': True, 'isBestMatch': True}
{'id': 3196793808, 'price': '26208.33000000', 'qty': '0.00566000', 'quoteQty': '148.33914780', 'time': 1692654435959, 'isBuyerMaker': True, 'isBestMatch': True}
{'id': 3196793809, 'price': '26208.33000000', 'qty': '0.00675000', 'quoteQty': '176.90622750', 'time': 1692654435959, 'isBuyerMaker': True, 'isBestMatch': True}
{'id': 3196793810, 'price': '26208.33000000', 'qty': '0.00056000', 'quoteQty': '14.67666480', 'time': 1692654435959, 'isBuyerMaker': True, 'isBestMatch': True}
{'id': 3196793811, 'price': '26208.33000000', 'qty': '0.00056000', 'quoteQty': '14.67666480', 'time': 1692654435959, 'isBuyerMaker': True, 'isBestMatch': True}
{'id': 3196793812, 'price': '26208.33000000', 'qty': '0.02239000', 'quoteQty': '586.80450870', 'time': 1692654435959, 'isBuyerMaker': True, 'isBestMatch': True}
{'id': 3196793813, 'price': '26208.33000000', 'qty': '0.04257000', 'quoteQty': '1115.68860810', 'time': 1692654435959, 'isBuyerMaker': True, 'isBestMatch': True}
{'id': 3196793814, 'price': '26208.33000000', 'qty': '0.00551000', 'quoteQty': '144.40789830', 'time': 1692654435959, 'isBuyerMaker': True, 'isBestMatch': True}
{'id': 3196793815, 'price': '26208.33000000', 'qty': '0.00056000', 'quoteQty': '14.67666480', 'time': 1692654435959, 'isBuyerMaker': True, 'isBestMatch': True}
{'id': 3196793816, 'price': '26208.33000000', 'qty': '0.00666000', 'quoteQty': '174.54747780', 'time': 1692654435964, 'isBuyerMaker': True, 'isBestMatch': True}
{'id': 3196793817, 'price': '26208.33000000', 'qty': '0.01573000', 'quoteQty': '412.25703090', 'time': 1692654436020, 'isBuyerMaker': True, 'isBestMatch': True}
{'id': 3196793818, 'price': '26208.33000000', 'qty': '0.04257000', 'quoteQty': '1115.68860810', 'time': 1692654436020, 'isBuyerMaker': True, 'isBestMatch': True}
{'id': 3196793819, 'price': '26208.33000000', 'qty': '0.00666000', 'quoteQty': '174.54747780', 'time': 1692654436023, 'isBuyerMaker': True, 'isBestMatch': True}
{'id': 3196793820, 'price': '26208.33000000', 'qty': '0.01573000', 'quoteQty': '412.25703090', 'time': 1692654436095, 'isBuyerMaker': True, 'isBestMatch': True}
{'id': 3196793821, 'price': '26208.33000000', 'qty': '0.04257000', 'quoteQty': '1115.68860810', 'time': 1692654436095, 'isBuyerMaker': True, 'isBestMatch': True}
{'id': 3196793822, 'price': '26208.33000000', 'qty': '0.06000000', 'quoteQty': '1572.49980000', 'time': 1692654436095, 'isBuyerMaker': True, 'isBestMatch': True}
{'id': 3196793823, 'price': '26208.33000000', 'qty': '0.00266000', 'quoteQty': '69.71415780', 'time': 1692654436099, 'isBuyerMaker': True, 'isBestMatch': True}
{'id': 3196793824, 'price': '26208.33000000', 'qty': '0.01973000', 'quoteQty': '517.09035090', 'time': 1692654436157, 'isBuyerMaker': True, 'isBestMatch': True}
{'id': 3196793825, 'price': '26208.33000000', 'qty': '0.04257000', 'quoteQty': '1115.68860810', 'time': 1692654436157, 'isBuyerMaker': True, 'isBestMatch': True}
{'id': 3196793826, 'price': '26208.33000000', 'qty': '0.00798000', 'quoteQty': '209.14247340', 'time': 1692654436160, 'isBuyerMaker': True, 'isBestMatch': True}
{'id': 3196793827, 'price': '26208.33000000', 'qty': '0.01441000', 'quoteQty': '377.66203530', 'time': 1692654436165, 'isBuyerMaker': True, 'isBestMatch': True}
{'id': 3196793828, 'price': '26208.33000000', 'qty': '0.04257000', 'quoteQty': '1115.68860810', 'time': 1692654436165, 'isBuyerMaker': True, 'isBestMatch': True}
{'id': 3196793829, 'price': '26208.33000000', 'qty': '0.02239000', 'quoteQty': '586.80450870', 'time': 1692654436165, 'isBuyerMaker': True, 'isBestMatch': True}
{'id': 3196793830, 'price': '26208.33000000', 'qty': '0.04257000', 'quoteQty': '1115.68860810', 'time': 1692654436165, 'isBuyerMaker': True, 'isBestMatch': True}
{'id': 3196793831, 'price': '26208.33000000', 'qty': '0.02131000', 'quoteQty': '558.49951230', 'time': 1692654436165, 'isBuyerMaker': True, 'isBestMatch': True}
{'id': 3196793832, 'price': '26208.33000000', 'qty': '0.00108000', 'quoteQty': '28.30499640', 'time': 1692654436167, 'isBuyerMaker': True, 'isBestMatch': True}
{'id': 3196793833, 'price': '26208.33000000', 'qty': '0.04257000', 'quoteQty': '1115.68860810', 'time': 1692654436167, 'isBuyerMaker': True, 'isBestMatch': True}
{'id': 3196793834, 'price': '26208.33000000', 'qty': '0.00963000', 'quoteQty': '252.38621790', 'time': 1692654436167, 'isBuyerMaker': True, 'isBestMatch': True}
{'id': 3196793835, 'price': '26208.33000000', 'qty': '0.01276000', 'quoteQty': '334.41829080', 'time': 1692654436167, 'isBuyerMaker': True, 'isBestMatch': True}
{'id': 3196793836, 'price': '26208.33000000', 'qty': '0.04052000', 'quoteQty': '1061.96153160', 'time': 1692654436167, 'isBuyerMaker': True, 'isBestMatch': True}
{'id': 3196793837, 'price': '26208.33000000', 'qty': '0.00205000', 'quoteQty': '53.72707650', 'time': 1692654436172, 'isBuyerMaker': True, 'isBestMatch': True}
{'id': 3196793838, 'price': '26208.33000000', 'qty': '0.02238000', 'quoteQty': '586.54242540', 'time': 1692654436172, 'isBuyerMaker': True, 'isBestMatch': True}
{'id': 3196793839, 'price': '26208.33000000', 'qty': '0.01280000', 'quoteQty': '335.46662400', 'time': 1692654436172, 'isBuyerMaker': True, 'isBestMatch': True}
{'id': 3196793840, 'price': '26208.33000000', 'qty': '0.02969000', 'quoteQty': '778.12531770', 'time': 1692654436172, 'isBuyerMaker': True, 'isBestMatch': True}
{'id': 3196793841, 'price': '26207.21000000', 'qty': '0.00039000', 'quoteQty': '10.22081190', 'time': 1692654436172, 'isBuyerMaker': True, 'isBestMatch': True}
{'id': 3196793842, 'price': '26207.10000000', 'qty': '0.00094000', 'quoteQty': '24.63467400', 'time': 1692654436320, 'isBuyerMaker': True, 'isBestMatch': True}
{'id': 3196793843, 'price': '26207.10000000', 'qty': '0.00094000', 'quoteQty': '24.63467400', 'time': 1692654436320, 'isBuyerMaker': True, 'isBestMatch': True}
{'id': 3196793844, 'price': '26207.11000000', 'qty': '0.00715000', 'quoteQty': '187.38083650', 'time': 1692654436348, 'isBuyerMaker': False, 'isBestMatch': True}
{'id': 3196793845, 'price': '26207.11000000', 'qty': '0.00414000', 'quoteQty': '108.49743540', 'time': 1692654436348, 'isBuyerMaker': False, 'isBestMatch': True}
{'id': 3196793846, 'price': '26207.10000000', 'qty': '0.19192000', 'quoteQty': '5029.66663200', 'time': 1692654436356, 'isBuyerMaker': True, 'isBestMatch': True}
{'id': 3196793847, 'price': '26207.10000000', 'qty': '0.00045000', 'quoteQty': '11.79319500', 'time': 1692654436370, 'isBuyerMaker': True, 'isBestMatch': True}
{'id': 3196793848, 'price': '26207.10000000', 'qty': '0.00073000', 'quoteQty': '19.13118300', 'time': 1692654436529, 'isBuyerMaker': True, 'isBestMatch': True}
{'id': 3196793849, 'price': '26207.10000000', 'qty': '0.00530000', 'quoteQty': '138.89763000', 'time': 1692654436789, 'isBuyerMaker': True, 'isBestMatch': True}
{'id': 3196793850, 'price': '26207.11000000', 'qty': '0.05596000', 'quoteQty': '1466.54987560', 'time': 1692654436817, 'isBuyerMaker': False, 'isBestMatch': True}
{'id': 3196793851, 'price': '26207.10000000', 'qty': '0.00630000', 'quoteQty': '165.10473000', 'time': 1692654436878, 'isBuyerMaker': True, 'isBestMatch': True}
{'id': 3196793852, 'price': '26207.10000000', 'qty': '0.02845000', 'quoteQty': '745.59199500', 'time': 1692654437392, 'isBuyerMaker': True, 'isBestMatch': True}
{'id': 3196793853, 'price': '26207.10000000', 'qty': '0.00109000', 'quoteQty': '28.56573900', 'time': 1692654437575, 'isBuyerMaker': True, 'isBestMatch': True}
{'id': 3196793854, 'price': '26207.10000000', 'qty': '0.24000000', 'quoteQty': '6289.70400000', 'time': 1692654437842, 'isBuyerMaker': True, 'isBestMatch': True}
{'id': 3196793855, 'price': '26207.11000000', 'qty': '0.00109000', 'quoteQty': '28.56574990', 'time': 1692654438030, 'isBuyerMaker': False, 'isBestMatch': True}
{'id': 3196793856, 'price': '26207.10000000', 'qty': '0.06000000', 'quoteQty': '1572.42600000', 'time': 1692654438589, 'isBuyerMaker': True, 'isBestMatch': True}
{'id': 3196793857, 'price': '26206.07000000', 'qty': '0.01220000', 'quoteQty': '319.71405400', 'time': 1692654438593, 'isBuyerMaker': True, 'isBestMatch': True}
{'id': 3196793858, 'price': '26205.21000000', 'qty': '0.00200000', 'quoteQty': '52.41042000', 'time': 1692654438593, 'isBuyerMaker': True, 'isBestMatch': True}
{'id': 3196793859, 'price': '26205.15000000', 'qty': '0.00049000', 'quoteQty': '12.84052350', 'time': 1692654438593, 'isBuyerMaker': True, 'isBestMatch': True}
{'id': 3196793860, 'price': '26205.04000000', 'qty': '0.00048000', 'quoteQty': '12.57841920', 'time': 1692654438595, 'isBuyerMaker': True, 'isBestMatch': True}
{'id': 3196793861, 'price': '26203.99000000', 'qty': '0.00045000', 'quoteQty': '11.79179550', 'time': 1692654438805, 'isBuyerMaker': False, 'isBestMatch': True}
{'id': 3196793862, 'price': '26203.99000000', 'qty': '0.00501000', 'quoteQty': '131.28198990', 'time': 1692654439664, 'isBuyerMaker': False, 'isBestMatch': True}
{'id': 3196793863, 'price': '26203.99000000', 'qty': '0.00029000', 'quoteQty': '7.59915710', 'time': 1692654439664, 'isBuyerMaker': False, 'isBestMatch': True}
{'id': 3196793864, 'price': '26203.98000000', 'qty': '0.00057000', 'quoteQty': '14.93626860', 'time': 1692654440589, 'isBuyerMaker': True, 'isBestMatch': True}
{'id': 3196793865, 'price': '26203.98000000', 'qty': '0.05943000', 'quoteQty': '1557.30253140', 'time': 1692654440906, 'isBuyerMaker': True, 'isBestMatch': True}
{'id': 3196793866, 'price': '26203.98000000', 'qty': '0.11283000', 'quoteQty': '2956.59506340', 'time': 1692654440906, 'isBuyerMaker': True, 'isBestMatch': True}
{'id': 3196793867, 'price': '26203.99000000', 'qty': '0.03949000', 'quoteQty': '1034.79556510', 'time': 1692654441435, 'isBuyerMaker': False, 'isBestMatch': True}
{'id': 3196793868, 'price': '26203.99000000', 'qty': '0.00563000', 'quoteQty': '147.52846370', 'time': 1692654441505, 'isBuyerMaker': False, 'isBestMatch': True}
{'id': 3196793869, 'price': '26203.98000000', 'qty': '0.00722000', 'quoteQty': '189.19273560', 'time': 1692654442551, 'isBuyerMaker': True, 'isBestMatch': True}
{'id': 3196793870, 'price': '26203.99000000', 'qty': '0.00076000', 'quoteQty': '19.91503240', 'time': 1692654443176, 'isBuyerMaker': False, 'isBestMatch': True}
{'id': 3196793871, 'price': '26203.98000000', 'qty': '0.07635000', 'quoteQty': '2000.67387300', 'time': 1692654443215, 'isBuyerMaker': True, 'isBestMatch': True}
{'id': 3196793872, 'price': '26203.98000000', 'qty': '0.04560000', 'quoteQty': '1194.90148800', 'time': 1692654443766, 'isBuyerMaker': True, 'isBestMatch': True}
{'id': 3196793873, 'price': '26203.98000000', 'qty': '0.00049000', 'quoteQty': '12.83995020', 'time': 1692654443766, 'isBuyerMaker': True, 'isBestMatch': True}
{'id': 3196793874, 'price': '26203.98000000', 'qty': '0.00048000', 'quoteQty': '12.57791040', 'time': 1692654443766, 'isBuyerMaker': True, 'isBestMatch': True}
{'id': 3196793875, 'price': '26203.98000000', 'qty': '0.00056000', 'quoteQty': '14.67422880', 'time': 1692654443766, 'isBuyerMaker': True, 'isBestMatch': True}
{'id': 3196793876, 'price': '26203.98000000', 'qty': '0.00040000', 'quoteQty': '10.48159200', 'time': 1692654443766, 'isBuyerMaker': True, 'isBestMatch': True}
{'id': 3196793877, 'price': '26203.98000000', 'qty': '0.03247000', 'quoteQty': '850.84323060', 'time': 1692654443766, 'isBuyerMaker': True, 'isBestMatch': True}
{'id': 3196793878, 'price': '26203.35000000', 'qty': '0.00048000', 'quoteQty': '12.57760800', 'time': 1692654443770, 'isBuyerMaker': True, 'isBestMatch': True}
{'id': 3196793879, 'price': '26202.51000000', 'qty': '0.00039000', 'quoteQty': '10.21897890', 'time': 1692654443775, 'isBuyerMaker': True, 'isBestMatch': True}
{'id': 3196793880, 'price': '26202.38000000', 'qty': '0.00048000', 'quoteQty': '12.57714240', 'time': 1692654443775, 'isBuyerMaker': True, 'isBestMatch': True}
{'id': 3196793881, 'price': '26202.03000000', 'qty': '0.00240000', 'quoteQty': '62.88487200', 'time': 1692654443775, 'isBuyerMaker': True, 'isBestMatch': True}
{'id': 3196793882, 'price': '26202.03000000', 'qty': '0.00152000', 'quoteQty': '39.82708560', 'time': 1692654443788, 'isBuyerMaker': False, 'isBestMatch': True}
{'id': 3196793883, 'price': '26200.88000000', 'qty': '0.00048000', 'quoteQty': '12.57642240', 'time': 1692654443845, 'isBuyerMaker': True, 'isBestMatch': True}
{'id': 3196793884, 'price': '26200.68000000', 'qty': '0.00049000', 'quoteQty': '12.83833320', 'time': 1692654443849, 'isBuyerMaker': True, 'isBestMatch': True}
{'id': 3196793885, 'price': '26200.59000000', 'qty': '0.00048000', 'quoteQty': '12.57628320', 'time': 1692654443854, 'isBuyerMaker': True, 'isBestMatch': True}
{'id': 3196793886, 'price': '26200.59000000', 'qty': '0.00024000', 'quoteQty': '6.28814160', 'time': 1692654443854, 'isBuyerMaker': True, 'isBestMatch': True}
{'id': 3196793887, 'price': '26200.59000000', 'qty': '0.00072000', 'quoteQty': '18.86442480', 'time': 1692654443854, 'isBuyerMaker': True, 'isBestMatch': True}
{'id': 3196793888, 'price': '26200.59000000', 'qty': '0.07998000', 'quoteQty': '2095.52318820', 'time': 1692654443997, 'isBuyerMaker': True, 'isBestMatch': True}
{'id': 3196793889, 'price': '26200.60000000', 'qty': '0.01082000', 'quoteQty': '283.49049200', 'time': 1692654444120, 'isBuyerMaker': False, 'isBestMatch': True}
{'id': 3196793890, 'price': '26200.59000000', 'qty': '0.03397000', 'quoteQty': '890.03404230', 'time': 1692654444700, 'isBuyerMaker': True, 'isBestMatch': True}
{'id': 3196793891, 'price': '26200.60000000', 'qty': '0.00474000', 'quoteQty': '124.19084400', 'time': 1692654444785, 'isBuyerMaker': False, 'isBestMatch': True}
{'id': 3196793892, 'price': '26200.60000000', 'qty': '0.08526000', 'quoteQty': '2233.86315600', 'time': 1692654445708, 'isBuyerMaker': False, 'isBestMatch': True}
{'id': 3196793893, 'price': '26200.60000000', 'qty': '0.01494000', 'quoteQty': '391.43696400', 'time': 1692654445708, 'isBuyerMaker': False, 'isBestMatch': True}
{'id': 3196793894, 'price': '26200.60000000', 'qty': '0.00237000', 'quoteQty': '62.09542200', 'time': 1692654445783, 'isBuyerMaker': False, 'isBestMatch': True}
{'id': 3196793895, 'price': '26200.60000000', 'qty': '0.00082000', 'quoteQty': '21.48449200', 'time': 1692654445826, 'isBuyerMaker': False, 'isBestMatch': True}
{'id': 3196793896, 'price': '26200.59000000', 'qty': '0.00049000', 'quoteQty': '12.83828910', 'time': 1692654446776, 'isBuyerMaker': True, 'isBestMatch': True}
{'id': 3196793897, 'price': '26200.59000000', 'qty': '0.00048000', 'quoteQty': '12.57628320', 'time': 1692654446776, 'isBuyerMaker': True, 'isBestMatch': True}
{'id': 3196793898, 'price': '26200.59000000', 'qty': '0.02907000', 'quoteQty': '761.65115130', 'time': 1692654446776, 'isBuyerMaker': True, 'isBestMatch': True}
{'id': 3196793899, 'price': '26200.60000000', 'qty': '0.00316000', 'quoteQty': '82.79389600', 'time': 1692654446786, 'isBuyerMaker': False, 'isBestMatch': True}
{'id': 3196793900, 'price': '26200.59000000', 'qty': '0.12603000', 'quoteQty': '3302.06035770', 'time': 1692654447459, 'isBuyerMaker': True, 'isBestMatch': True}
{'id': 3196793901, 'price': '26200.59000000', 'qty': '0.02938000', 'quoteQty': '769.77333420', 'time': 1692654447459, 'isBuyerMaker': True, 'isBestMatch': True}
{'id': 3196793902, 'price': '26200.60000000', 'qty': '0.00279000', 'quoteQty': '73.09967400', 'time': 1692654447528, 'isBuyerMaker': False, 'isBestMatch': True}
{'id': 3196793903, 'price': '26200.59000000', 'qty': '0.00466000', 'quoteQty': '122.09474940', 'time': 1692654447940, 'isBuyerMaker': True, 'isBestMatch': True}
{'id': 3196793904, 'price': '26200.60000000', 'qty': '0.00119000', 'quoteQty': '31.17871400', 'time': 1692654448785, 'isBuyerMaker': False, 'isBestMatch': True}
{'id': 3196793905, 'price': '26200.59000000', 'qty': '0.00077000', 'quoteQty': '20.17445430', 'time': 1692654449595, 'isBuyerMaker': True, 'isBestMatch': True}
{'id': 3196793906, 'price': '26200.59000000', 'qty': '0.00763000', 'quoteQty': '199.91050170', 'time': 1692654449595, 'isBuyerMaker': True, 'isBestMatch': True}
{'id': 3196793907, 'price': '26200.59000000', 'qty': '0.00890000', 'quoteQty': '233.18525100', 'time': 1692654450031, 'isBuyerMaker': True, 'isBestMatch': True}
{'id': 3196793908, 'price': '26200.59000000', 'qty': '0.00056000', 'quoteQty': '14.67233040', 'time': 1692654450158, 'isBuyerMaker': True, 'isBestMatch': True}
{'id': 3196793909, 'price': '26200.59000000', 'qty': '0.00048000', 'quoteQty': '12.57628320', 'time': 1692654450158, 'isBuyerMaker': True, 'isBestMatch': True}
{'id': 3196793910, 'price': '26200.59000000', 'qty': '0.00104000', 'quoteQty': '27.24861360', 'time': 1692654450158, 'isBuyerMaker': True, 'isBestMatch': True}
{'id': 3196793911, 'price': '26200.59000000', 'qty': '0.00156000', 'quoteQty': '40.87292040', 'time': 1692654450158, 'isBuyerMaker': True, 'isBestMatch': True}
{'id': 3196793912, 'price': '26200.59000000', 'qty': '0.00156000', 'quoteQty': '40.87292040', 'time': 1692654450158, 'isBuyerMaker': True, 'isBestMatch': True}
{'id': 3196793913, 'price': '26200.18000000', 'qty': '0.00118000', 'quoteQty': '30.91621240', 'time': 1692654450784, 'isBuyerMaker': False, 'isBestMatch': True}
{'id': 3196793914, 'price': '26200.17000000', 'qty': '0.08000000', 'quoteQty': '2096.01360000', 'time': 1692654451710, 'isBuyerMaker': True, 'isBestMatch': True}
{'id': 3196793915, 'price': '26200.17000000', 'qty': '0.00056000', 'quoteQty': '14.67209520', 'time': 1692654451718, 'isBuyerMaker': True, 'isBestMatch': True}
{'id': 3196793916, 'price': '26199.99000000', 'qty': '0.00098000', 'quoteQty': '25.67599020', 'time': 1692654451718, 'isBuyerMaker': True, 'isBestMatch': True}
{'id': 3196793917, 'price': '26199.39000000', 'qty': '0.00336000', 'quoteQty': '88.02995040', 'time': 1692654451718, 'isBuyerMaker': True, 'isBestMatch': True}
{'id': 3196793918, 'price': '26199.38000000', 'qty': '0.00042000', 'quoteQty': '11.00373960', 'time': 1692654451718, 'isBuyerMaker': True, 'isBestMatch': True}
{'id': 3196793919, 'price': '26199.38000000', 'qty': '0.00555000', 'quoteQty': '145.40655900', 'time': 1692654451718, 'isBuyerMaker': True, 'isBestMatch': True}
{'id': 3196793920, 'price': '26198.47000000', 'qty': '0.00240000', 'quoteQty': '62.87632800', 'time': 1692654451722, 'isBuyerMaker': True, 'isBestMatch': True}
{'id': 3196793921, 'price': '26198.47000000', 'qty': '0.01905000', 'quoteQty': '499.08085350', 'time': 1692654451722, 'isBuyerMaker': True, 'isBestMatch': True}
{'id': 3196793922, 'price': '26197.81000000', 'qty': '0.00039000', 'quoteQty': '10.21714590', 'time': 1692654451722, 'isBuyerMaker': True, 'isBestMatch': True}
{'id': 3196793923, 'price': '26197.77000000', 'qty': '0.00048000', 'quoteQty': '12.57492960', 'time': 1692654451722, 'isBuyerMaker': True, 'isBestMatch': True}
{'id': 3196793924, 'price': '26197.62000000', 'qty': '0.00048000', 'quoteQty': '12.57485760', 'time': 1692654451722, 'isBuyerMaker': True, 'isBestMatch': True}
{'id': 3196793925, 'price': '26197.56000000', 'qty': '0.00049000', 'quoteQty': '12.83680440', 'time': 1692654451722, 'isBuyerMaker': True, 'isBestMatch': True}
{'id': 3196793926, 'price': '26197.12000000', 'qty': '0.01000000', 'quoteQty': '261.97120000', 'time': 1692654451722, 'isBuyerMaker': True, 'isBestMatch': True}
{'id': 3196793927, 'price': '26196.92000000', 'qty': '0.00095000', 'quoteQty': '24.88707400', 'time': 1692654451722, 'isBuyerMaker': True, 'isBestMatch': True}
{'id': 3196793928, 'price': '26196.73000000', 'qty': '0.00048000', 'quoteQty': '12.57443040', 'time': 1692654451722, 'isBuyerMaker': True, 'isBestMatch': True}
{'id': 3196793929, 'price': '26196.64000000', 'qty': '0.02356000', 'quoteQty': '617.19283840', 'time': 1692654452620, 'isBuyerMaker': False, 'isBestMatch': True}
{'id': 3196793930, 'price': '26196.64000000', 'qty': '0.00414000', 'quoteQty': '108.45408960', 'time': 1692654452835, 'isBuyerMaker': False, 'isBestMatch': True}
{'id': 3196793931, 'price': '26196.63000000', 'qty': '0.01417000', 'quoteQty': '371.20624710', 'time': 1692654453362, 'isBuyerMaker': True, 'isBestMatch': True}
{'id': 3196793932, 'price': '26196.63000000', 'qty': '0.00390000', 'quoteQty': '102.16685700', 'time': 1692654453376, 'isBuyerMaker': True, 'isBestMatch': True}
{'id': 3196793933, 'price': '26196.63000000', 'qty': '0.03613000', 'quoteQty': '946.48424190', 'time': 1692654455173, 'isBuyerMaker': True, 'isBestMatch': True}
{'id': 3196793934, 'price': '26196.64000000', 'qty': '0.01083000', 'quoteQty': '283.70961120', 'time': 1692654455274, 'isBuyerMaker': False, 'isBestMatch': True}
{'id': 3196793935, 'price': '26196.63000000', 'qty': '0.00048000', 'quoteQty': '12.57438240', 'time': 1692654455449, 'isBuyerMaker': True, 'isBestMatch': True}
{'id': 3196793936, 'price': '26196.63000000', 'qty': '0.00049000', 'quoteQty': '12.83634870', 'time': 1692654455449, 'isBuyerMaker': True, 'isBestMatch': True}
{'id': 3196793937, 'price': '26196.63000000', 'qty': '0.00049000', 'quoteQty': '12.83634870', 'time': 1692654455449, 'isBuyerMaker': True, 'isBestMatch': True}
{'id': 3196793938, 'price': '26196.63000000', 'qty': '0.02730000', 'quoteQty': '715.16799900', 'time': 1692654455449, 'isBuyerMaker': True, 'isBestMatch': True}
{'id': 3196793939, 'price': '26196.63000000', 'qty': '0.00725000', 'quoteQty': '189.92556750', 'time': 1692654455747, 'isBuyerMaker': True, 'isBestMatch': True}
{'id': 3196793940, 'price': '26196.42000000', 'qty': '0.54400000', 'quoteQty': '14250.85248000', 'time': 1692654456403, 'isBuyerMaker': True, 'isBestMatch': True}
{'id': 3196793941, 'price': '26196.42000000', 'qty': '0.20800000', 'quoteQty': '5448.85536000', 'time': 1692654456403, 'isBuyerMaker': True, 'isBestMatch': True}
{'id': 3196793942, 'price': '26196.13000000', 'qty': '0.64000000', 'quoteQty': '16765.52320000', 'time': 1692654456403, 'isBuyerMaker': True, 'isBestMatch': True}
{'id': 3196793943, 'price': '26196.13000000', 'qty': '0.16000000', 'quoteQty': '4191.38080000', 'time': 1692654456403, 'isBuyerMaker': True, 'isBestMatch': True}
{'id': 3196793944, 'price': '26195.77000000', 'qty': '0.16017000', 'quoteQty': '4195.77648090', 'time': 1692654456412, 'isBuyerMaker': True, 'isBestMatch': True}
{'id': 3196793945, 'price': '26195.58000000', 'qty': '0.00913000', 'quoteQty': '239.16564540', 'time': 1692654456412, 'isBuyerMaker': True, 'isBestMatch': True}
{'id': 3196793946, 'price': '26194.82000000', 'qty': '0.07070000', 'quoteQty': '1851.97377400', 'time': 1692654456412, 'isBuyerMaker': True, 'isBestMatch': True}
{'id': 3196793947, 'price': '26194.75000000', 'qty': '0.00240000', 'quoteQty': '62.86740000', 'time': 1692654456417, 'isBuyerMaker': True, 'isBestMatch': True}
{'id': 3196793948, 'price': '26194.75000000', 'qty': '0.00120000', 'quoteQty': '31.43370000', 'time': 1692654456417, 'isBuyerMaker': True, 'isBestMatch': True}
{'id': 3196793949, 'price': '26194.75000000', 'qty': '0.00360000', 'quoteQty': '94.30110000', 'time': 1692654456417, 'isBuyerMaker': True, 'isBestMatch': True}
{'id': 3196793950, 'price': '26194.75000000', 'qty': '0.00480000', 'quoteQty': '125.73480000', 'time': 1692654456418, 'isBuyerMaker': True, 'isBestMatch': True}
{'id': 3196793951, 'price': '26194.76000000', 'qty': '0.00291000', 'quoteQty': '76.22675160', 'time': 1692654456419, 'isBuyerMaker': False, 'isBestMatch': True}
{'id': 3196793952, 'price': '26194.62000000', 'qty': '0.00049000', 'quoteQty': '12.83536380', 'time': 1692654456428, 'isBuyerMaker': True, 'isBestMatch': True}
{'id': 3196793953, 'price': '26194.23000000', 'qty': '0.00477000', 'quoteQty': '124.94647710', 'time': 1692654456438, 'isBuyerMaker': True, 'isBestMatch': True}
{'id': 3196793954, 'price': '26194.07000000', 'qty': '0.00893000', 'quoteQty': '233.91304510', 'time': 1692654456438, 'isBuyerMaker': True, 'isBestMatch': True}
{'id': 3196793955, 'price': '26193.91000000', 'qty': '0.00560000', 'quoteQty': '146.68589600', 'time': 1692654456441, 'isBuyerMaker': True, 'isBestMatch': True}
{'id': 3196793956, 'price': '26193.77000000', 'qty': '0.01596000', 'quoteQty': '418.05256920', 'time': 1692654456441, 'isBuyerMaker': True, 'isBestMatch': True}
{'id': 3196793957, 'price': '26193.77000000', 'qty': '0.00048000', 'quoteQty': '12.57300960', 'time': 1692654456441, 'isBuyerMaker': True, 'isBestMatch': True}
{'id': 3196793958, 'price': '26193.69000000', 'qty': '0.25637000', 'quoteQty': '6715.27630530', 'time': 1692654456441, 'isBuyerMaker': True, 'isBestMatch': True}
{'id': 3196793959, 'price': '26193.68000000', 'qty': '0.00804000', 'quoteQty': '210.59718720', 'time': 1692654456441, 'isBuyerMaker': True, 'isBestMatch': True}
{'id': 3196793960, 'price': '26193.68000000', 'qty': '0.08000000', 'quoteQty': '2095.49440000', 'time': 1692654456793, 'isBuyerMaker': True, 'isBestMatch': True}
{'id': 3196793961, 'price': '26193.68000000', 'qty': '0.00778000', 'quoteQty': '203.78683040', 'time': 1692654457052, 'isBuyerMaker': True, 'isBestMatch': True}
{'id': 3196793962, 'price': '26193.68000000', 'qty': '0.00475000', 'quoteQty': '124.41998000', 'time': 1692654457247, 'isBuyerMaker': True, 'isBestMatch': True}
{'id': 3196793963, 'price': '26193.68000000', 'qty': '0.00363000', 'quoteQty': '95.08305840', 'time': 1692654457429, 'isBuyerMaker': True, 'isBestMatch': True}
{'id': 3196793964, 'price': '26193.69000000', 'qty': '0.00212000', 'quoteQty': '55.53062280', 'time': 1692654457602, 'isBuyerMaker': False, 'isBestMatch': True}
{'id': 3196793965, 'price': '26193.69000000', 'qty': '0.00076000', 'quoteQty': '19.90720440', 'time': 1692654457840, 'isBuyerMaker': False, 'isBestMatch': True}
{'id': 3196793966, 'price': '26193.68000000', 'qty': '0.00141000', 'quoteQty': '36.93308880', 'time': 1692654457996, 'isBuyerMaker': True, 'isBestMatch': True}
{'id': 3196793967, 'price': '26193.68000000', 'qty': '0.05700000', 'quoteQty': '1493.03976000', 'time': 1692654458727, 'isBuyerMaker': True, 'isBestMatch': True}
{'id': 3196793968, 'price': '26193.68000000', 'qty': '0.01232000', 'quoteQty': '322.70613760', 'time': 1692654458745, 'isBuyerMaker': True, 'isBestMatch': True}
{'id': 3196793969, 'price': '26193.68000000', 'qty': '0.00056000', 'quoteQty': '14.66846080', 'time': 1692654458745, 'isBuyerMaker': True, 'isBestMatch': True}
{'id': 3196793970, 'price': '26193.61000000', 'qty': '0.01232000', 'quoteQty': '322.70527520', 'time': 1692654458745, 'isBuyerMaker': True, 'isBestMatch': True}
{'id': 3196793971, 'price': '26193.56000000', 'qty': '0.00959000', 'quoteQty': '251.19624040', 'time': 1692654458745, 'isBuyerMaker': True, 'isBestMatch': True}
{'id': 3196793972, 'price': '26193.11000000', 'qty': '0.00039000', 'quoteQty': '10.21531290', 'time': 1692654458745, 'isBuyerMaker': True, 'isBestMatch': True}
{'id': 3196793973, 'price': '26192.97000000', 'qty': '0.01300000', 'quoteQty': '340.50861000', 'time': 1692654458752, 'isBuyerMaker': True, 'isBestMatch': True}
{'id': 3196793974, 'price': '26192.10000000', 'qty': '0.01177000', 'quoteQty': '308.28101700', 'time': 1692654458769, 'isBuyerMaker': True, 'isBestMatch': True}
